2014 3101
1045 145 1103 188 42

338 276 430 304 vera
470 269 672 312 narraret,
710 258 772 301 vel
810 260 979 300 maxime
1016 265 1206 315 spectans
1236 258 1271 299 in
1308 255 1503 315 colloquio
1541 255 1800 300 Atheniensi-

336 329 411 371 bus
447 336 582 386 partes
617 328 792 383 assignat
827 333 1136 378 consentaneas,
1171 323 1275 382 quod
1314 332 1354 367 et
1389 325 1603 366 sententiae
1618 333 1658 365 et
1676 323 1796 367 verba

335 397 576 438 conveniunt
614 394 737 435 factis.
790 392 1052 434 Inhumanam
1103 393 1206 433 enim
1260 390 1538 434 crudelitatem
1586 393 1623 433 in
1661 391 1798 435 Melios

335 462 625 515 adhibuerunt,
673 475 798 518 quum
851 473 938 513 eOS,
975 459 1042 517 qui
1079 457 1174 501 nihil
1211 457 1319 501 aliud
1359 457 1565 516 petebant,
1600 472 1721 516 quam
1757 466 1801 502 ut

335 529 452 572 medii
492 536 744 570 remanentes
783 526 977 569 haberent
1014 539 1173 583 pacem,
1212 540 1342 583 neque
1380 524 1456 568 ulla
1483 528 1632 568 ratione
1663 525 1799 568 Athe-

333 598 490 638 nienses
555 603 671 637 antea
727 592 998 648 offenderant,
1048 602 1258 651 superatos
1311 592 1585 651 perdiderunt.
1672 593 1800 650 Igitur

335 665 492 705 minime
544 663 707 714 mirum,
759 664 791 704 si
828 661 1093 703 Athenienses
1136 660 1370 703 insolentius
1407 660 1490 712 hie,
1530 673 1649 717 quam
1687 658 1797 711 alibi,

334 730 540 787 loquentes
579 728 833 771 inducuntur.
876 726 1041 770 Accedit
1078 726 1185 786 quod
1223 728 1300 770 illis
1336 726 1584 783 temporibus
1605 726 1800 784 ejusmodi

332 799 543 840 sententiae
598 800 633 838 in
685 794 838 838 Graecia
885 809 904 836 a
953 795 1145 852 sophistis
1188 804 1282 838 sunt
1320 795 1594 851 pronuntiatae.
1666 796 1800 852 Atque

333 864 420 907 haeo
473 863 651 907 subsidia
709 864 889 905 homines
934 865 1111 904 omnium
1148 871 1315 904 aetatum
1353 860 1429 904 sibi
1466 869 1712 920 paraverunt
1748 860 1797 903 ad

334 947 524 990 perversa
577 941 617 972 et
668 930 764 973 falsa
815 928 1075 972 defendenda.
1145 929 1287 987 Neque
1337 936 1471 970 tamen
1518 928 1579 971 hic
1615 930 1668 972 ita
1703 936 1799 971 sunt

334 998 570 1056 praedicata,
623 1008 668 1041 ut
721 998 893 1055 aliquem
945 998 1098 1053 possint
1148 995 1352 1054 decipere,
1390 1009 1482 1053 quae
1521 998 1604 1054 ipsa
1642 1011 1730 1051 reS,
1765 996 1798 1038 si

332 1082 407 1109 non
460 1066 552 1120 alia,
601 1081 671 1109 nos
723 1064 866 1107 docere
920 1072 1069 1121 potest,
1121 1062 1215 1122 quid
1269 1065 1441 1120 scriptor
1474 1062 1663 1119 judicarit
1700 1064 1798 1120 ipse.

334 1134 385 1176 At
440 1137 470 1176 si
532 1134 618 1177 haec
679 1131 800 1175 verba
860 1131 910 1175 ab
971 1130 1167 1187 elegantia
1221 1140 1261 1173 et
1298 1130 1546 1173 humanitate
1582 1129 1799 1174 abhorrere

331 1203 655 1254 Atheniensium,
700 1202 768 1259 qui
814 1201 955 1252 etiam,
986 1200 1018 1240 si
1059 1199 1144 1242 haec
1181 1199 1398 1251 senserint,
1439 1211 1514 1239 non
1552 1213 1599 1241 eo
1635 1195 1798 1256 quidem

333 1268 447 1312 modo
490 1267 684 1323 dixerint,
727 1266 873 1326 aliquis
917 1265 1077 1321 credat,
1123 1281 1199 1309 non
1245 1280 1332 1308 eam
1370 1266 1420 1309 ob
1457 1279 1541 1306 rem
1573 1263 1800 1324 reprehen-

333 1335 488 1379 dendus
538 1346 600 1379 est
649 1334 918 1393 Thucydides.
989 1334 1113 1388 Nam,
1151 1343 1196 1376 ut
1232 1341 1325 1376 ante
1362 1332 1464 1384 dixi,
1502 1332 1552 1374 ad
1591 1335 1676 1390 ipsa
1714 1331 1794 1373 ho-

331 1405 481 1446 minum
522 1403 624 1446 sacta
677 1403 762 1445 haec
818 1409 909 1460 apta
955 1409 1070 1453 sunt,
1108 1411 1152 1444 ut
1190 1415 1326 1444 veram
1362 1399 1626 1443 conditionem
1663 1413 1797 1442 rerum

330 1480 371 1514 et
417 1481 640 1528 temporum
687 1471 989 1529 perspiciamus
1059 1470 1200 1526 Neque
1238 1482 1335 1511 vero
1380 1466 1648 1511 urbanitatem
1691 1465 1798 1508 illam

331 1538 507 1582 offendit.
577 1539 711 1590 Quum
748 1538 851 1579 enim
897 1535 1137 1594 colloquium
1185 1545 1293 1579 esset
1337 1550 1428 1578 cum
1475 1532 1798 1592 magistratibu8‚

332 1608 471 1662 paucis
527 1615 681 1647 tantum
738 1602 1015 1659 audientibus,
1051 1618 1142 1661 quae
1179 1606 1266 1646 sinu
1303 1602 1493 1645 fovebant.
1528 1602 1797 1645 Athenienses

330 1681 370 1715 et
405 1671 653 1730 cogitabant,
699 1687 744 1715 ea
793 1673 924 1712 minus
973 1670 1199 1713 verecunde
1236 1672 1447 1712 enuntiare
1484 1677 1721 1727 potuerunt,
1752 1676 1797 1710 ut

331 1750 498 1797 possunt
542 1741 579 1783 in
626 1739 819 1797 colloquio
864 1738 963 1793 dici,
998 1752 1088 1796 quae
1141 1738 1317 1780 concioni
1371 1738 1502 1779 minus
1540 1738 1796 1779 conveniunt.

545 2005 835 2072 Colloquium
878 2003 1225 2055 Atheniensium
1260 2007 1309 2053 et
1342 2001 1583 2052 Meliorum

675 2098 777 2153 (Lib.
826 2098 870 2140 v.
907 2098 999 2155 Cap.
1039 2095 1444 2152 Lxxxv—me).

330 2212 522 2256 LXXXV.
593 2210 896 2253 Atheniensium
934 2208 1051 2265 legati
1070 2208 1156 2250 haec
1172 2207 1255 2250 fere
1275 2206 1486 2249 dixerunt:
1524 2205 1795 2264 Quandoqui—

330 2281 422 2324 dem
458 2279 562 2338 apud
602 2277 760 2336 plebem
797 2275 918 2319 verba
957 2290 1031 2319 non
1069 2283 1165 2318 sunt
1201 2273 1399 2329 facienda,
1435 2283 1479 2315 ut
1518 2288 1567 2315 ne
1599 2282 1792 2331 perpetua

330 2348 478 2392 scilicet
513 2347 690 2390 oratione
737 2342 967 2399 multitudo,
1011 2345 1043 2386 si
1081 2351 1213 2385 nostra
1252 2342 1300 2385 ad
1340 2343 1492 2384 animos
1529 2354 1793 2383 commoven-

331 2416 402 2459 dos
437 2422 529 2472 apta
565 2423 606 2456 et
643 2427 718 2454 non
754 2413 906 2454 revicta
954 2418 1188 2468 argumenta
1234 2408 1356 2452 semel
1397 2407 1586 2462 audierit,
1622 2407 1794 2450 induca-

329 2495 396 2529 tur
433 2507 494 2516 —
532 2495 625 2523 nam
664 2479 700 2522 id
739 2478 812 2522 sibi
851 2478 951 2521 velle
988 2477 1244 2532 intelligimus
1281 2476 1486 2519 consilium
1514 2484 1694 2518 vestrum
1724 2490 1794 2518 nos

328 2552 377 2596 ad
415 2563 565 2610 paucos
602 2547 772 2591 ducendi
811 2571 872 2579 —
902 2561 992 2599 vos,
1021 2547 1087 2603 qui
1106 2547 1143 2586 in
1165 2544 1238 2586 hoc
1254 2543 1416 2586 concilio
1440 2543 1644 2598 assidetis,
1672 2544 1791 2585 etiam

331 2620 456 2664 tutius
492 2616 554 2659 illo
592 2614 706 2658 modo
729 2629 810 2657 rem
833 2615 947 2670 agite.
984 2615 1086 2656 Nam
1111 2612 1340 2667 singulatim
1365 2625 1435 2653 vos
1456 2612 1547 2653 item
1569 2624 1698 2669 neque
1715 2624 1790 2652 una

328 2688 530 2738 oratione,
568 2682 636 2727 sed
677 2681 725 2724 ad
764 2680 798 2723 id
836 2683 1040 2734 continuo,
1086 2679 1190 2738 quod
1229 2681 1360 2721 minus
1398 2676 1603 2720 commode
1640 2677 1791 2720 dictum
