2014 3101
857 85 914 130 49

160 206 372 249 foediorem
409 203 674 262 imprudentia
711 215 830 261 quam
869 200 1024 243 fortuna
1055 196 1319 253 susciperent.
1377 189 1493 244 Quod
1531 200 1616 242 vos,

158 275 191 315 si
238 272 338 316 bene
380 270 701 324 consiliabimini,
747 267 945 312 cavebitis
992 279 1120 324 neque
1156 262 1385 306 indecorum
1424 255 1616 316 putabitis

159 350 229 384 aut
281 341 434 383 civitati
485 339 692 392 maximae,
741 350 832 395 quae
883 332 1109 377 moderatas
1162 329 1408 374 conditiones
1450 324 1615 376 offerat,

159 417 204 451 ut
241 415 419 450 vestrum
458 409 678 450 retinentes
711 417 850 462 agrum
889 403 983 445 socii
1019 399 1120 444 fiatis
1157 397 1367 447 tributarii,
1406 393 1615 450 imperium

158 473 377 518 concedere
413 483 478 517 aut
533 475 723 530 permisso
759 469 873 514 vobis
911 468 1032 512 libero
1070 466 1235 510 arbitrio
1271 464 1320 506 de
1357 461 1460 505 bello
1496 468 1617 517 atque

161 541 433 585 incolumitate
469 540 662 584 deteriora
705 553 780 581 non
815 538 972 581 sectari.
1043 536 1199 578 Etenim
1236 533 1303 590 qui
1342 528 1506 588 paribus
1542 539 1617 567 non

159 608 324 664 cedant,
370 611 437 667 qui
491 621 583 665 erga
638 608 865 666 superiores
902 604 1064 647 honeste
1101 616 1142 644 se
1179 607 1340 658 gerant,
1376 600 1441 654 qui
1481 597 1516 637 in
1553 594 1620 635 in-

159 676 324 719 feriores
360 676 550 719 moderati
588 676 687 729 sint,
722 675 744 717 ii
783 671 1007 715 felicissime
1046 683 1127 711 rem
1164 676 1315 725 gerant.
1364 662 1621 709 Considerate

160 745 279 801 igitur
315 745 435 786 etiam
473 743 583 785 nobis
618 743 782 785 semotis
824 748 945 798 atque
990 741 1028 780 in
1044 740 1174 779 animo
1194 746 1468 791 saepenumero
1506 731 1621 786 cogi-

161 819 244 853 tate
299 824 370 852 vos
414 811 464 853 de
501 811 627 869 patria
675 807 922 861 consultare,
958 806 1007 848 de
1043 819 1133 863 qna,
1173 812 1214 845 ut
1251 816 1327 844 una
1365 809 1446 850 est,
1484 799 1542 840 sic
1582 797 1618 834 in

161 892 236 920 una
274 877 584 932 consultatione,
635 877 720 920 sive
769 874 934 918 feliciter
971 876 1055 916 sive
1091 885 1207 914 secus
1244 867 1453 916 ceciderit,
1507 863 1621 906 vobis

157 944 388 989 consulendi
426 947 499 988 erit
535 945 656 1002 copia.

159 1080 282 1126 CXll.
351 1080 447 1123 Post
483 1079 570 1121 haec
606 1077 870 1121 Athenienses
905 1081 1160 1117 secesserunt
1195 1085 1218 1113 e
1254 1069 1458 1128 colloquio.
1518 1064 1625 1109 Melii

159 1157 316 1201 autem,
352 1161 478 1206 quum
520 1159 657 1189 secum
705 1145 1013 1196 remansissent,
1057 1148 1101 1183 ut
1144 1137 1307 1190 similia,
1345 1145 1467 1194 atque
1503 1134 1624 1175 dictis

161 1216 487 1258 adversariorum
537 1219 826 1270 opposuerant,
878 1208 1119 1268 probarunt,
1174 1203 1465 1263 responderunt
1519 1201 1624 1243 haee:

161 1282 284 1327 Nobis
338 1296 454 1334 vero,
511 1280 796 1333 Athenienses,
848 1290 977 1335 neque
1030 1275 1102 1318 alia
1160 1273 1339 1331 placent,
1377 1283 1497 1329 quam
1533 1281 1625 1326 quae

163 1353 310 1408 primo,
360 1363 490 1407 neque
544 1347 654 1390 brevi
703 1347 895 1403 temporis
948 1344 1077 1401 spatio
1125 1341 1236 1393 urbi,
1288 1352 1379 1397 quae
1429 1338 1510 1394 jam
1555 1348 1626 1391 per

160 1425 436 1476 septingentos
472 1429 597 1457 annos
635 1412 858 1463 habitatur,
897 1409 1124 1454 libertatern
1160 1409 1397 1466 eripiemus,
1431 1403 1500 1446 sed
1539 1411 1624 1444 tum

160 1487 339 1540 t'ortuna,
373 1497 465 1542 quae
501 1481 633 1525 adhuc
669 1494 796 1539 usque
834 1479 908 1522 deo
941 1478 1110 1536 juvante
1145 1490 1232 1518 earn
1270 1480 1503 1523 conservat,
1541 1479 1626 1512 tum

161 1552 364 1596 hominurn
399 1561 439 1593 et
485 1548 878 1594 Lacaedemoniorum
925 1546 1073 1588 auxilio
1115 1542 1359 1587 confidentes
1396 1538 1627 1583 conabimur

160 1622 326 1665 servari.
398 1619 581 1663 Petimus
617 1627 750 1659 tamen
787 1629 832 1659 ac
870 1629 943 1657 vos
981 1615 1206 1667 hortamur,
1241 1618 1287 1654 ut
1321 1609 1435 1651 amici
1480 1609 1628 1660 simus,

162 1697 206 1732 ut
243 1688 379 1731 hostes
431 1689 558 1730 simus
613 1684 786 1740 neutris,
827 1691 950 1741 atque
985 1696 1036 1724 ex
1072 1691 1175 1723 terra
1216 1687 1349 1722 nostra
1389 1686 1430 1719 ut
1468 1673 1629 1717 foedere

161 1756 288 1810 facto,
324 1754 430 1815 quod
469 1753 653 1797 videatur
682 1749 937 1795 commodum
974 1750 1153 1809 utrisque
1184 1760 1295 1800 esse,
1326 1759 1398 1788 vos
1417 1741 1628 1799 recipiatis.

163 1890 299 1934 CXlII.
367 1888 470 1933 Melii
527 1890 649 1944 igitur
700 1886 785 1930 haec
836 1882 1139 1943 responderunt.
1209 1880 1475 1925 Athenienses
1513 1890 1630 1930 vero,

163 1973 287 2018 quum
338 1958 418 2015 jam
474 1955 728 1998 diecederent
779 1968 803 1996 e
839 1953 1049 2011 colloquio,
1094 1950 1300 1993 dixerunt:
1338 1949 1484 1990 Verum
1524 1947 1630 1988 enim

165 2040 261 2068 veto
297 2024 367 2068 soli
401 2023 585 2084 quidem,
624 2032 666 2065 ut
705 2021 817 2065 nobis
855 2020 1042 2062 xidernini
1082 2042 1143 2053 —-
1183 2032 1272 2060 nam
1311 2019 1362 2057 ita
1397 2014 1529 2057 serunt
1555 2014 1627 2054 ista

165 2093 323 2137 consilia
361 2117 422 2126 —
459 2101 499 2134 et
534 2105 626 2152 quae
677 2098 768 2133 sunt
822 2089 955 2132 sutura
1007 2086 1129 2130 rebus
1182 2084 1408 2143 conspicuis
1462 2082 1630 2124 certiora

162 2161 370 2219 judicatis,
405 2168 446 2203 et
481 2173 572 2218 quae
609 2160 646 2200 in
691 2156 847 2201 occulto
894 2154 1039 2209 latent,
1074 2167 1143 2207 ea,
1179 2152 1284 2212 quod
1323 2152 1490 2208 cupitis,
1526 2149 1632 2189 sicut

168 2232 205 2272 in
241 2228 389 2272 effectu
428 2229 553 2286 posita
587 2227 667 2283 jam
708 2224 925 2267 intuemini.
999 2224 1128 2280 Atque
1167 2230 1209 2262 ut
1246 2217 1561 2262 Lacedaemoniis
1591 2223 1631 2257 et

168 2297 337 2341 fortunae
373 2304 413 2338 et
449 2297 534 2352 spei
572 2308 642 2336 vos
679 2301 831 2335 temere
866 2290 1120 2333 commisistis
1157 2302 1248 2331 cum
1284 2299 1440 2329 summa
1468 2282 1629 2333 fiducia,

169 2367 206 2408 in
243 2378 444 2408 summam
480 2360 661 2405 fraudem
700 2358 891 2403 incidetis.
