2014 3101
1081 201 1140 240 28

385 319 572 366 Haack„
616 314 862 366 respondere.
934 311 1071 364 Atque
1114 311 1344 351 dubitamus
1387 323 1505 358 num,
1551 314 1596 348 ut
1631 308 1760 349 Goell.
1799 316 1839 349 et
1893 338 1905 347 ,

384 388 512 437 Kriig.
550 384 713 430 volunt,
749 381 824 420 hoc
858 379 1115 432 participium
1150 377 1347 430 pertineat
1382 377 1434 416 ad
1469 374 1533 418 ὅτι
1563 371 1653 418 οὔδ’
1681 391 1718 417 κ.
1746 390 1781 417 τ.
1800 374 1840 417 λ.

385 452 526 492 Potest
562 448 780 501 separatim
816 448 964 487 dictum
998 460 1106 495 esse,
1143 452 1188 485 ut
1221 442 1543 501 προςδεχομένῳ
1572 458 1645 498 μοι
1680 440 1733 485 τὰ
1769 445 1840 500 τῆς

383 515 509 576 ὀργῆς
536 517 775 571 γεγένηται,
814 514 867 554 ΙΙ.
907 513 983 554 60.
1021 518 1061 553 et
1097 513 1157 552 ita
1189 512 1439 565 interpretati
1483 525 1644 561 sumus,
1688 513 1757 552 sed
1799 512 1841 552 in

383 594 468 627 tam
504 584 653 625 difficili
688 596 729 623 re
763 581 861 621 nihil
898 581 1079 632 equidem
1114 593 1185 631 pro
1221 585 1329 620 certo
1367 578 1664 619 affirmaverim.

484 673 523 730 ξ.
566 676 607 714 3.
680 669 857 726 αἷσχύνη
890 670 1020 722 priore
1056 669 1141 709 loco
1178 674 1239 709 est
1269 669 1416 722 pudor
1451 682 1523 709 seu
1557 668 1842 718 verecundia,

384 743 603 796 posteriore
639 740 890 794 iynomim'a
925 737 987 776 vel
1025 737 1214 777 dedecus.

489 832 558 871 Ad
592 829 962 883 interpretationem
996 831 1175 866 nostram
1212 826 1494 866 illustrandam
1527 826 1609 866 haec
1637 825 1842 866 addimus:

384 901 633 951 Interrogare
675 897 834 949 possis,
879 895 974 947 quid
1015 893 1059 933 id
1094 893 1170 943 sit,
1215 894 1319 946 quod
1354 892 1466 933 Melii
1501 893 1728 944 pudendum
1763 892 1845 933 exi-

386 967 549 1007 stiment
592 966 775 1017 quodque
819 961 1063 1004 committere
1106 966 1330 1001 vereantur.
1401 959 1555 1012 Nempe
1590 959 1845 1000 Atheniensi-

381 1035 457 1074 bus
502 1033 636 1073 cedere
679 1043 891 1083 eorumque
934 1027 1098 1080 imperio
1145 1041 1188 1068 se
1233 1027 1450 1079 subjicere,
1504 1027 1626 1066 etiam
1668 1026 1703 1065 si
1748 1026 1845 1066 socii

383 1099 633 1152 stipendiarii
676 1100 798 1147 fiant,
824 1114 826 1119 v
852 1096 893 1136 id
937 1095 1041 1147 quod
1083 1109 1133 1135 ex
1176 1093 1331 1143 verbis,
1384 1107 1470 1146 quae
1520 1093 1625 1133 infra
1678 1092 1845 1144 legimus

385 1163 460 1210 οὔκ
508 1163 697 1223 ἀπρεπὲς
742 1169 922 1219 νομιεῖτε
966 1156 1016 1221 κζ
1043 1177 1077 1203 τ.
1108 1161 1155 1205 λ..
1188 1167 1228 1202 et
1271 1174 1304 1200 c.
1348 1161 1438 1201 loo
1483 1159 1651 1212 intelligi
1695 1165 1843 1212 potest.

382 1236 585 1276 Verentur
618 1234 763 1286 igitur,
800 1233 833 1272 si
872 1236 1011 1271 contra
1046 1229 1314 1270 Athenienses
1351 1241 1392 1267 se
1426 1226 1516 1266 nonv
1543 1227 1744 1267 defensent
1772 1227 1847 1266 for-

382 1303 538 1343 tissime
580 1301 730 1341 bellum
773 1299 895 1340 etiam
939 1311 1027 1338 cum
1074 1310 1228 1337 summo
1267 1308 1338 1335 suo
1375 1293 1550 1346 periculo
1585 1294 1845 1346 perferentes,

384 1370 489 1422 quod
525 1368 794 1408 Athenienses
815 1367 950 1406 dicunt
967 1360 1021 1405 τὰ
1049 1365 1175 1420 χείρω
1206 1360 1525 1419 φιλονεικῆσαι,
1562 1374 1688 1413 neque
1707 1373 1845 1401 omnes

383 1441 574 1489 respuant
618 1434 886 1492 conditioneS,
943 1445 1029 1484 quae
1071 1432 1267 1484 integram
1311 1430 1540 1470 libertatem
1583 1428 1752 1477 laedant,
1797 1440 1847 1466 ne

383 1510 482 1544 nota
515 1501 776 1554 turpitudinis
813 1500 1051 1540 afficiantur.
1124 1499 1231 1550 Ergo
1276 1511 1361 1550 quae
1406 1501 1499 1536 sunt
1541 1496 1709 1535 honesta
1744 1507 1846 1546 quae-

385 1584 459 1623 que
493 1569 630 1622 turpia
665 1582 715 1608 ex
750 1567 843 1619 ipsa
876 1566 1038 1606 notione
1073 1567 1286 1605 verborum
1321 1564 1385 1603 vel
1421 1562 1596 1603 maxime
1630 1559 1844 1610 intuentes,

383 1637 506 1686 nihil,
544 1636 649 1689 quod
683 1634 733 1674 iis
769 1638 983 1687 repugnet,
1021 1631 1266 1672 committere
1302 1644 1426 1683 neque
1468 1628 1615 1682 populo
1661 1628 1846 1681 quamvis

384 1703 539 1757 potenti
576 1703 898 1753 obtemperantes
935 1701 981 1739 de
1019 1712 1089 1739 suo
1124 1699 1215 1749 jure
1251 1698 1433 1738 decedere
1467 1696 1622 1735 volunt.
1695 1695 1756 1734 At
1788 1694 1846 1734 A-

383 1770 607 1811 thenienses
641 1770 746 1808 hanc
782 1767 983 1807 notionem
1008 1762 1074 1820 (τό
1104 1762 1281 1821 αἰσχρὰν
1309 1762 1594 1818 καλούμενον)
1615 1776 1693 1802 non
1712 1761 1846 1813 magni

384 1837 536 1877 faciunt
571 1849 696 1889 neque
733 1836 830 1884 hoc,
867 1847 942 1886 quo
980 1834 1092 1874 Melii
1128 1835 1384 1882 erubescant,
1421 1846 1463 1873 re
1497 1843 1593 1871 vera
1618 1829 1846 1882 pudendum

383 1917 472 1945 esse
507 1909 675 1956 puta-nt,
714 1902 786 1942 sed
821 1900 950 1953 specie
985 1900 1119 1952 potius
1156 1906 1196 1940 et
1229 1901 1363 1941 verbo.
1439 1900 1580 1950 Itaque
1606 1897 1671 1937 hic
1690 1902 1734 1936 ut
1754 1900 1848 1935 ante

384 1970 425 2010 in
460 1971 535 2011 hoc
572 1968 770 2022 colloquio
807 1967 935 2020 magis
971 1973 1138 2008 eventus
1166 1981 1295 2008 rerum
1314 1972 1448 2007 utrum
1467 1965 1589 2007 utiles
1609 1963 1690 2003 sint
1708 1976 1846 2011 necne,

384 2050 504 2090 quam
539 2036 762 2084 rationem,
801 2048 881 2087 qua
916 2034 1009 2086 quid
1048 2035 1206 2085 agitur,
1242 2048 1336 2074 num
1374 2035 1426 2074 ad
1462 2035 1675 2073 honestum
1711 2043 1754 2070 se
1787 2043 1848 2070 re-

385 2105 509 2154 ferat,
548 2102 676 2154 magis
711 2100 965 2154 prudentiam
1002 2114 1121 2153 quam
1153 2101 1353 2153 justitiam
1388 2105 1545 2140 tuentes
1583 2097 1692 2138 aliud
1737 2096 1848 2149 quid-

384 2172 477 2212 dam
513 2183 633 2224 quam
667 2168 784 2210 Melii
819 2168 1059 2220 ignominiae
1094 2169 1180 2208 loco
1216 2169 1371 2217 ferunt,
1412 2168 1625 2215 damnum,
1660 2164 1847 2216 inquam,

383 2238 583 2279 libertatis
619 2241 739 2287 atque
773 2235 891 2284 vitae,
930 2235 1035 2287 quod
1070 2234 1207 2287 populi
1244 2235 1371 2275 facere
1407 2233 1564 2287 possint
1584 2231 1747 2280 devicti,
1785 2243 1849 2270 cu-

381 2305 448 2358 jus
486 2303 638 2357 generis
673 2302 776 2352 illae,
813 2314 899 2354 quae
937 2307 1320 2351 commemorantur,
1357 2299 1602 2341 insanabiles
1639 2297 1848 2338 calamita-

383 2378 444 2413 tes
490 2371 732 2427 (συμφοραὶ
768 2365 1010 2424 ἀνήκεστοι)
1055 2382 1141 2409 esse
1182 2369 1370 2421 putandae
1415 2373 1521 2408 sunt.
1594 2365 1729 2417 Atque
1763 2365 1848 2404 haec

385 2445 479 2480 sunt
513 2440 648 2488 mala,
684 2438 725 2478 in
762 2450 848 2490 quae
882 2436 1116 2477 infirmiores
1156 2441 1314 2487 gentes,
1353 2435 1385 2474 si
1421 2435 1490 2474 illo
1509 2434 1658 2486 pudore
1675 2431 1847 2471 inductae

384 2512 602 2559 repugnent
636 2504 877 2556 majOribus,
915 2516 993 2543 non
1022 2504 1182 2542 fortuna
1208 2502 1337 2554 magis
1357 2506 1518 2554 cogente
1539 2495 1662 2554 (μετὰ
1689 2496 1846 2553 τύχης),

384 2586 504 2626 quam
539 2571 778 2613 voluntariae
816 2567 1019 2625 (ἑκόντες)
1056 2582 1128 2622 per
1164 2583 1277 2609 suam
1314 2568 1492 2621 ipsarum
1535 2566 1846 2620 imprudentiam

385 2635 489 2695 (μετ’
519 2637 719 2695 ἀνοίας),
756 2640 860 2691 quod
897 2637 1111 2689 imaginem
1149 2635 1349 2677 dedecoris
1385 2635 1441 2676 rei
1476 2634 1553 2687 ipsi
1583 2637 1844 2685 anteponant,

385 2709 681 2762 praecipitentm·
737 2704 799 2760 (ἐς
842 2702 913 2748 οἷα
950 2704 1191 2762 φέρονται).
1261 2702 1361 2748 Quae
1406 2708 1450 2742 ut
1492 2701 1604 2742 Melii
1650 2704 1844 2747 caveant,

383 2775 652 2817 Athenienses
689 2788 757 2815 eos
794 2779 966 2814 monent.
1039 2772 1133 2812 Jam
1170 2784 1286 2819 vero,
1323 2783 1443 2823 quum
1480 2768 1615 2817 Melii,
1660 2767 1699 2807 id
1739 2765 1844 2818 quod
