2014 3101
848 61 870 101 5

258 167 361 209 Dum
393 167 606 220 Corinthii,
637 169 703 226 qui
735 167 1002 227 aliquamdiu,
1035 184 1204 227 quonam
1236 185 1300 214 res
1325 169 1580 224 inclinarent,

121 242 480 290 exspectaverant,
514 237 674 291 Argivis
723 234 872 277 relictis
916 236 963 278 ad
1004 235 1328 280 Lacedaemonios
1365 251 1408 279 se
1438 250 1579 278 rursus

119 309 407 343 converterunt
437 302 486 359 1),
525 301 748 344 Alcibiades
778 317 848 361 per
878 305 1106 346 societatem
1140 305 1327 361 Argivam
1353 303 1579 346 Athenien—

118 365 230 409 sibus
260 367 519 426 Peloponnesi
551 383 709 427 quoque
749 372 959 427 imperium
993 380 1034 413 ut
1065 380 1222 428 pararet
1253 385 1413 430 operam
1445 370 1579 412 dabat.

118 433 297 492 Ejusque
326 435 499 478 consiliis
531 435 778 493 perficiendis
808 439 1002 494 aptissimi
1023 438 1225 494 adjutores
1247 439 1407 480 luerunt
1428 438 1578 493 Argivi,

118 502 185 558 qui
222 501 342 544 rebus
390 504 475 545 suis
508 503 581 544 hac
628 504 818 546 societate
855 506 983 546 auctis
1013 504 1149 547 conlisi
1180 514 1339 563 tempus
1376 504 1580 547 duxerunt

115 581 204 609 esse
247 566 347 611 fines
394 569 636 612 extendendi
685 579 805 629 atque
843 573 948 629 ipsos
988 571 1308 615 Lacedaemonios
1341 569 1578 628 provocandi

115 633 165 675 ad
206 633 370 690 bellum,
407 651 485 694 quo
525 638 678 693 imperii
717 639 777 679 sui
811 638 1069 695 Peloponnesi
1101 638 1355 682 fundamenta
1386 640 1576 696 jacerent.

113 700 219 744 Nihil
266 703 453 745 nimirum
502 705 635 746 minus
682 704 892 761 spectabat
930 705 1102 758 bellum,
1134 720 1211 763 quo
1241 705 1500 763 Epidaurios,
1531 706 1579 747 iis

114 766 323 824 finitimos,
366 769 757 814 Lacedaemoniorum
796 775 945 827 socios,
993 772 1302 824 lacessiverunt,
1351 788 1426 815 non
1471 770 1576 830 quod

113 834 303 891 Apollini,
337 847 379 878 ut
411 837 721 894 perhibuerunt,
753 838 989 882 sacrificium
1021 839 1219 898 quoddam
1251 839 1484 891 deberetur,
1505 836 1575 881 sed

112 901 218 959 quod
267 905 341 960 ipsi
387 903 633 962 Epidaurum
667 919 865 962 occupare
905 905 1101 949 volebant.
1172 908 1260 960 Quo
1289 907 1394 950 facto
1424 915 1463 949 et
1493 905 1576 949 Co-

112 968 278 1012 rinthios
310 979 472 1027 pacatos
502 972 716 1028 sperabant
746 971 901 1015 futuros
929 988 1017 1015 esse
1035 982 1074 1015 et
1094 973 1276 1018 breviore
1296 976 1434 1017 itinere
1454 987 1574 1033 quam

109 1035 214 1078 circa
250 1041 560 1094 promontorium
590 1038 806 1097 Scyllaeum
836 1039 1134 1097 proficiscentes
1164 1056 1277 1100 opem
1308 1041 1575 1084 Athenienses

110 1103 157 1144 iis
188 1104 292 1146 ferre
324 1114 508 1162 poterant
534 1105 579 1162 2).

244 1192 469 1236 Alcibiades
500 1196 618 1251 igitur
657 1193 935 1244 Patrensibus,
969 1204 1011 1237 ut.
1042 1210 1202 1238 murum
1234 1211 1362 1255 usque
1394 1195 1444 1238 ad
1465 1210 1574 1238 mare

109 1259 331 1318 perducant
361 1260 576 1318 persuadet
606 1270 646 1304 et
678 1263 714 1302 in
745 1261 846 1303 Rhio
876 1261 1053 1304 Achaico
1084 1265 1338 1306 munitionem
1367 1266 1575 1306 instituere

106 1336 274 1370 conatur
303 1326 358 1384 3),
396 1327 500 1386 quod
541 1329 572 1370 si
611 1327 823 1371 Corinthiis
853 1337 893 1370 et
929 1327 1124 1387 Sicyoniis
1155 1346 1229 1372 non
1264 1330 1574 1389 impedientibus

107 1396 366 1452 processiset,
413 1394 704 1449 Athenienses,
748 1397 815 1454 qui
856 1410 931 1437 non
961 1396 1089 1439 solum
1121 1398 1373 1455 Naupactum
1406 1398 1573 1455 ejusque

105 1470 264 1519 portum
305 1464 709 1520 opportunissimum,
768 1461 839 1505 sed
885 1465 1005 1505 etiam
1048 1463 1297 1507 Antirrhium
1364 1464 1576 1519 tenebant,

105 1538 275 1585 angusto
319 1531 483 1572 introitu
532 1532 645 1572 sinus
675 1528 908 1573 Corinthiaci
941 1532 1050 1587 potiti
1081 1541 1239 1585 essent,
1270 1533 1406 1590 Argivi
1437 1540 1573 1573 autem

105 1594 262 1638 duabus
309 1596 599 1654 irruptionibus
642 1600 679 1639 in
722 1597 977 1654 Epidauriam
1023 1598 1136 1641 factis
1179 1614 1267 1642 eam
1306 1600 1573 1642 devastarunt

105 1662 198 1705 nihil
249 1663 553 1721 prohibentibus
601 1663 934 1717 Lacedaemoniis,
980 1667 1047 1723 qui
1099 1681 1223 1724 quum
1272 1676 1314 1709 et
1359 1666 1481 1709 semel
1532 1673 1572 1708 et

103 1731 248 1773 iterum
279 1739 409 1774 castra
444 1733 682 1786 movissent,
721 1731 908 1789 religione
938 1735 1087 1775 mensis
1119 1734 1261 1777 Carnei
1291 1744 1332 1777 et
1363 1732 1570 1776 sacrificiis

103 1799 142 1839 in
191 1797 328 1840 finium
385 1801 558 1841 transitu
606 1814 679 1841 non
733 1799 936 1842 litantibus
990 1802 1175 1843 commoti
1221 1801 1381 1845 domum
1423 1816 1569 1843 rever-

104 1874 236 1907 terunt
263 1865 316 1920 4).

237 1955 439 2012 Sequente
492 1955 621 1998 hieme
674 1956 960 2012 Athenienses,
1010 1972 1135 2015 quum
1185 1957 1478 2000 Lacedaemonii
1523 1972 1567 2000 se

102 2023 235 2064 insciis
271 2030 381 2064 trans
418 2036 526 2064 mare
572 2022 818 2081 Epidaurum
866 2032 1133 2066 trecentorum
1180 2024 1349 2066 militum
1404 2023 1566 2068 submi—

100 2090 266 2140 sissent,
321 2088 525 2131 admonitu
575 2089 792 2132 Alcibiadis
843 2099 883 2132 et
937 2093 1173 2147 Argivorum
1229 2090 1370 2148 Pylum
1407 2105 1564 2134 summo

100 2171 192 2199 cum
230 2155 375 2198 damno
413 2155 803 2199 Lacedaemoniorum
840 2157 1056 2199 Messenios
1102 2167 1142 2200 et
1186 2158 1306 2200 Ilotas
1344 2158 1562 2211 reducunt,

99 2238 200 2282 quos
257 2222 396 2265 eodem
455 2237 579 2275 anno,
640 2239 719 2282 quo
780 2238 856 2280 pax
910 2227 1127 2281 composita
1188 2234 1267 2277 est,
1313 2235 1401 2282 post
1438 2225 1560 2269 multa

98 2290 288 2349 colloquia
347 2290 508 2333 demum
568 2291 879 2334 Lacedaemoniis
938 2291 1137 2347 obsecuti,
1195 2307 1317 2350 quum
1377 2293 1563 2350 praesidio

97 2373 264 2402 suarum
309 2359 380 2414 ipsi
437 2360 638 2415 copiarum
694 2360 742 2399 iis
773 2360 902 2400 minus
949 2361 1172 2402 nocentium
1213 2360 1341 2402 locum
1380 2369 1561 2403 tenerent

99 2428 331 2480 etiamtum,
368 2423 617 2467 deduxerant
645 2425 689 2481 5).
728 2427 829 2467 Nam
869 2424 905 2467 id
941 2425 1045 2483 quod
1084 2426 1244 2469 foedere
1283 2427 1342 2470 vel
1367 2429 1560 2485 imprimis

197 2546 220 2588 ¹)
248 2547 292 2579 V.
317 2546 371 2579 48.
399 2545 465 2578 cfr.
494 2547 538 2578 V.
564 2546 618 2579 32.
801 2545 828 2587 ²)
855 2547 900 2578 V.
927 2546 981 2579 53.
1164 2546 1191 2589 ³)
1218 2548 1260 2580 V.
1288 2548 1342 2580 52.

190 2603 216 2645 ⁴)
243 2604 287 2635 V.
314 2603 358 2635 54
382 2607 416 2635 et
441 2603 492 2635 55.
677 2603 704 2641 ⁵)
732 2604 777 2635 V.
804 2602 847 2636 56
873 2607 905 2636 et
929 2603 982 2636 35.
1011 2603 1077 2637 Cfr.
1104 2604 1163 2636 IV.
1189 2604 1211 2637 3
1236 2609 1269 2637 et
1293 2605 1346 2636 41.
