2014 3101
1167 134 1196 175 Β

447 242 699 300 subjecturos
730 246 829 286 satis
862 253 1023 302 possent
1054 244 1260 300 conjicere.
1316 242 1417 294 Quae
1447 239 1610 298 quidem
1646 254 1765 283 causa
1804 239 1909 282 nulla

445 312 520 352 alia
581 321 689 362 erat,
748 327 868 370 quam
921 326 1012 370 quae
1066 325 1135 367 per
1180 319 1308 353 totum
1347 307 1496 351 bellum
1529 307 1910 364 Peloponnesiacum

446 378 712 421 Athenienses
737 389 777 421 et
816 379 1158 429 Lacedaemonios,
1196 377 1464 433 amplissimas
1495 374 1662 417 Graeciae
1702 377 1912 428 civitates,

445 444 494 487 ad
532 445 729 502 agendum
767 446 1025 500 sollicitabat,
1052 447 1251 487 contentio
1282 444 1443 502 imperii.
1515 443 1583 484 Sui
1621 443 1724 484 enim
1759 443 1911 500 imperii

447 514 584 555 tuendi
630 517 756 569 gratia
815 514 910 556 utile
958 513 1222 556 Athenienses
1268 509 1486 553 censebant
1532 523 1621 551 esse
1651 509 1796 551 Melum
1834 508 1909 551 sibi

446 594 608 637 parere,
640 589 685 622 ut
715 590 861 624 ceterae
902 580 1053 623 insulae.
1127 581 1227 621 Nam
1266 593 1316 620 ex
1357 579 1426 631 iis,
1455 590 1547 634 quae
1579 578 1681 618 inter
1711 575 1910 619 Graeciam

446 655 486 689 ct
533 648 666 690 Asiam
710 649 864 704 jacent,
914 649 1076 705 imperio
1123 660 1261 688 eorum
1310 643 1550 688 tenebantur
1594 657 1732 685 omnes
1763 653 1910 701 praeter

444 714 591 756 Melum
641 725 680 757 et
726 717 916 768 Theram,
965 730 1075 772 quac,
1126 724 1168 755 ut
1218 713 1325 767 haec,
1376 720 1463 753 erat
1511 710 1662 753 colonia
1703 711 1909 753 Laconica.

443 780 692 837 Accedebat,
739 791 783 825 ut
829 783 969 825 eadem
1020 782 1200 834 consilia,
1249 795 1419 838 quorum
1450 777 1742 821 Lacedaemonii
1773 785 1910 820 essent

442 858 648 902 auctoreS‚
697 850 834 893 Melios
879 858 1041 908 propter
1085 850 1274 905 originem
1323 847 1434 905 sequi
1486 845 1599 888 facile
1642 845 1910 888 Athenienses

443 918 746 973 suspicarentur
778 918 820 974 ¹).

576 1006 661 1049 Hoc
693 1016 824 1050 tamen
867 1007 1035 1061 bellum,
1072 1005 1177 1064 quod
1210 1005 1474 1048 Athenienses
1520 1002 1568 1045 ad
1601 1003 1907 1045 internecionem

443 1075 642 1130 persecuti
662 1084 778 1126 sunt‚
800 1078 831 1116 si
852 1077 886 1117 in
919 1084 1152 1116 neutrorum
1172 1073 1346 1115 favorem
1368 1072 1541 1114 inclinati
1569 1085 1651 1112 rem
1669 1069 1906 1127 judicamus

442 1151 565 1182 rectae
596 1143 735 1184 rationi
772 1142 879 1184 civili
913 1144 1051 1198 utique
1091 1154 1314 1197 repugnare
1346 1138 1606 1182 confiteamur
1639 1152 1803 1179 necesse
1833 1145 1907 1178 est.

442 1208 555 1259 Quod
581 1211 685 1250 enim
705 1209 972 1252 Athenienses
993 1209 1203 1262 damnum,
1223 1209 1254 1249 si
1279 1207 1365 1249 haec
1390 1208 1534 1262 exigua
1557 1206 1698 1247 civitas
1718 1218 1909 1245 remane-

441 1283 502 1317 ret
538 1275 657 1318 libera
691 1285 730 1318 et
761 1279 821 1319 sui
849 1277 968 1333 juris,
1000 1277 1249 1333 accepissent
1278 1274 1466 1333 quodque
1495 1273 1747 1316 commodum
1779 1286 1830 1312 ex
1861 1285 1907 1313 ea

440 1341 605 1385 subacta
656 1347 954 1401 percepissent,
1003 1358 1046 1386 ea
1081 1358 1155 1385 non
1188 1356 1327 1398 magna
1363 1341 1496 1384 sutura
1527 1341 1650 1383 fuisse
1681 1338 1908 1391 credimus,

441 1423 569 1467 neque
614 1411 735 1453 ullam
781 1410 1028 1454 crudelitatis
1072 1418 1112 1452 et
1163 1410 1336 1467 injuriae,
1365 1423 1486 1467 quam
1539 1410 1561 1451 ii
1600 1409 1907 1459 commiserunt,

440 1475 701 1520 suificientcm
735 1478 881 1521 habent
921 1479 1234 1520 excusationem.
1307 1479 1439 1535 Atque
1480 1476 1598 1532 hujus
1628 1475 1781 1531 injuriae
1813 1488 1908 1514 ma-

438 1544 525 1586 cula
564 1545 701 1600 gloriae
740 1547 988 1589 Athenarum
1031 1549 1159 1588 inusta
1198 1554 1238 1587 et
1277 1559 1353 1586 non
1385 1542 1550 1585 delenda
1587 1543 1794 1585 effrenatae
1826 1542 1907 1582 tri—

439 1610 598 1653 buenda
646 1623 708 1654 est
752 1612 979 1656 dominandi
1026 1612 1234 1669 cupiditati
1282 1621 1322 1653 et
1367 1611 1550 1667 flagranti
1591 1610 1702 1662 odio,
1731 1609 1835 1666 quod
1869 1610 1905 1650 in

438 1678 763 1723 Lacedaemonios
807 1695 966 1738 semper
1015 1681 1280 1723 Athenienses
1327 1678 1549 1730 habebant,
1594 1686 1712 1719 aucto
1761 1678 1905 1726 etiam,

437 1760 562 1802 quum
609 1760 659 1789 ex
709 1763 825 1805 pace,
869 1762 962 1806 quae
1008 1749 1132 1790 Niciae
1164 1746 1361 1804 appellata
1392 1754 1474 1797 est,
1506 1754 1664 1802 sperata
1697 1742 1905 1786 commoda

438 1824 586 1869 praeter
622 1817 841 1872 opinionem
887 1816 1148 1865 cecidissent,
1196 1824 1236 1856 et
1272 1813 1465 1856 desiderio
1495 1811 1664 1871 denique
1695 1811 1768 1853 hoc
1801 1811 1905 1852 saci-

438 1895 533 1922 nore
564 1884 599 1924 in
636 1883 794 1937 Melios,
826 1885 1023 1925 nationem
1067 1883 1267 1934 Doricam,
1300 1881 1406 1923 illato
1436 1888 1476 1922 et
1505 1881 1657 1922 animos
1687 1888 1727 1921 et
1757 1880 1904 1920 existi—

437 1951 650 1992 mationem
690 1950 1107 2002 Lacedaemoniorum,
1134 1951 1201 2007 qui
1231 1963 1344 2007 spem
1380 1962 1493 1990 suam
1522 1947 1570 1989 ad
1599 1949 1755 1989 irritum
1782 1944 1905 1988 rede-

436 2017 606 2071 gissent‚
639 2017 878 2060 offendendi.

542 2107 653 2149 flas
707 2123 802 2149 vero
849 2116 989 2165 gentes
1037 2118 1125 2165 post
1171 2121 1309 2165 pacem
1362 2106 1467 2149 illam
1505 2105 1641 2147 decem
1673 2106 1784 2146 annis
1817 2101 1905 2145 belli

437 2173 761 2232 Peloponnesiaci
794 2178 947 2218 exactis
980 2177 1016 2216 in
1048 2177 1330 2234 quinquaginta
1369 2188 1492 2216 annos
1530 2173 1676 2215 factam
1703 2186 1749 2213 ac
1767 2172 1902 2212 socie—

434 2250 559 2284 tatem
620 2243 683 2285 vel
739 2245 868 2300 potius
922 2242 1060 2285 foedus
1096 2242 1144 2284 ad
1201 2252 1382 2284 mutuum
1433 2240 1580 2283 bellum
1617 2239 1834 2281 arcendum
1866 2240 1902 2280 in

436 2309 601 2352 totidem
654 2325 776 2353 annos
825 2309 1002 2353 additum
1028 2309 1063 2367 2)
1096 2311 1319 2352 inimicitias
1364 2323 1491 2366 neque
1530 2309 1741 2349 sententiis
1773 2320 1901 2363 neque

437 2377 557 2419 rebus
617 2380 740 2435 gestis
788 2378 1018 2436 deposuisse
1067 2379 1162 2419 satis
1211 2385 1273 2418 est
1320 2378 1532 2433 cognitum.
1571 2374 1699 2425 Quam
1735 2374 1784 2415 ob
1817 2387 1898 2414 rem

429 2444 521 2501 jure
566 2445 822 2504 Thucydides
871 2446 975 2488 hunc
1013 2454 1163 2488 statum
1196 2458 1328 2486 rerum
1363 2457 1600 2501 permanens
1632 2456 1719 2484 esse
1753 2440 1899 2484 bellum

532 2576 556 2618 ¹)
582 2578 626 2608 V.
651 2576 697 2609 89
722 2584 756 2611 et
782 2578 856 2611 108.

529 2633 557 2677 ²)
580 2634 711 2668 Horum
747 2637 917 2668 fovterum
958 2638 1164 2669 conditiones
1188 2637 1261 2680 lege
1286 2637 1487 2679 perscriptas
1513 2635 1676 2677 capitibus
1702 2635 1897 2668 duodevice·

433 2691 517 2722 simo
543 2696 575 2723 et
602 2693 758 2733 vigesimo
785 2695 882 2726 tertio
910 2694 982 2725 libri
1008 2695 1124 2735 quinti.
