2014 3101
907 78 932 117 9

324 187 380 229 De
434 186 509 229 hac
552 186 679 229 insula
737 197 775 230 et
814 187 934 241 urbe,
971 189 1032 230 cui
1072 185 1175 228 idem
1213 185 1287 227 fuit
1325 195 1484 233 nomen,
1523 194 1647 239 pauca

188 253 239 296 ab
275 255 448 312 antiquis
478 253 742 312 scriptoribus
781 255 891 298 nobis
923 255 1065 297 tradita
1098 261 1193 296 sunt
1217 253 1259 309 1).
1331 252 1447 304 Erat,
1487 257 1530 291 ut
1567 248 1647 305 jam

188 320 384 376 diximus,
437 321 586 364 colonia
625 322 1017 365 Lacedaemoniorum
1053 330 1169 363 vetus
1190 319 1236 376 2).
1306 321 1350 362 In
1386 316 1578 375 colloquio
1628 329 1648 355 a

188 387 421 445 Thucydide
471 389 672 447 proposito
725 389 827 432 Melii
870 404 912 432 se
951 388 1167 446 praedicant
1207 387 1391 430 libertate
1428 399 1522 428 usos
1558 394 1649 424 esse

188 456 458 512 septingentos
494 469 618 498 annos
636 454 681 512 3).
754 456 864 498 Hanc
902 455 1124 498 libertatem
1163 456 1283 496 etiam
1320 453 1518 495 adversus
1546 451 1650 492 Per—

187 536 254 564 sas
283 531 639 566 conservaverant.
710 524 788 566 Eos
835 525 939 565 enim
985 532 1024 565 et
1071 521 1257 579 Siphnios
1293 531 1332 563 et
1363 518 1569 575 Seriphios
1599 531 1650 557 ex

187 588 380 631 insulanis
423 589 527 632 solos
581 588 630 632 de
681 601 785 633 terra
838 599 877 633 et
927 604 1027 648 aqua
1067 591 1190 632 Xerxi
1228 587 1355 630 danda
1396 587 1651 628 recusavisse

187 664 322 698 narrat
359 656 596 700 Herodotus.
634 657 692 699 Ad
731 658 875 700 Persas
914 656 1158 715 repellendos
1194 670 1284 698 cum
1322 655 1464 698 ceteris
1498 653 1651 695 Graecis

185 730 282 765 sunt
319 724 485 780 profecti
525 723 682 767 duabus
720 724 891 767 navibus
922 724 1252 782 quinquagenarii
1285 719 1508 776 remigii4>.
1578 719 1650 761 In-

188 788 406 845 telligimus
443 792 561 848 igitur
594 792 694 834 lianc
745 792 914 834 insulam
967 801 1005 833 et
1045 791 1238 834 libertatis
1276 803 1410 831 amore
1447 789 1647 830 incensam

187 865 227 899 et
265 871 334 913 pro
373 859 645 915 magnitudine
681 860 911 917 opulentam
964 858 1088 900 fuisse
1130 872 1178 900 ac
1231 872 1440 900 numerum
1478 854 1648 912 aliquem

187 926 225 965 in
281 924 525 983 Cycladibus
581 925 810 970 obtinuisse.
883 927 1039 969 Etenim
1091 926 1250 979 frugum
1303 934 1364 966 est
1412 921 1649 964 lertilissima

188 1000 227 1033 et
283 1002 440 1049 portum
497 993 617 1035 habet
669 1008 854 1050 magnum
893 1002 933 1035 et
969 995 1172 1051 egregium
1197 991 1240 1049 5).
1310 991 1533 1033 Paucorum
1571 989 1651 1030 ad—

188 1060 477 1102 ministratione
513 1062 717 1103 civitatem
754 1061 1020 1118 gubernatam
1058 1059 1179 1102 fuisse
1218 1069 1257 1102 et
1293 1075 1342 1100 ex
1381 1059 1528 1114 origine
1565 1056 1652 1112 ejus

188 1135 228 1168 et
281 1141 347 1180 eo,
398 1127 504 1185 quod
557 1143 631 1170 non
682 1128 730 1170 ad
787 1127 997 1186 populum,
1052 1127 1122 1169 sed
1159 1126 1265 1184 apud
1313 1140 1480 1183 pauCOS‚
1512 1127 1579 1182 qui
1616 1125 1651 1166 in

187 1196 428 1250 magistratu
467 1204 622 1248 essent,
648 1195 958 1238 Atheniensibus
978 1195 1231 1252 Thucydides
1253 1193 1473 1236 narraverit
1495 1191 1652 1234 licuisse

189 1260 344 1317 dicere,
378 1261 565 1320 colligere
603 1277 816 1320 possumus
837 1262 881 1320 6).

323 1351 589 1394 Athenienses
625 1354 744 1409 igitur
775 1351 1167 1410 duodequadraginta
1208 1350 1378 1394 navibus
1408 1361 1448 1393 et
1477 1350 1651 1393 militum

188 1417 314 1461 ferme
362 1418 489 1461 tribus
544 1418 703 1462 milibus
753 1420 801 1461 ad
856 1419 1023 1461 insulam
1080 1421 1305 1476 potiendam
1346 1420 1509 1476 profecti
1544 1428 1650 1461 sunt.

187 1485 235 1528 Hi
271 1485 464 1545 colloquio
502 1487 566 1529 illo
604 1488 856 1544 interposito,
888 1490 924 1529 in
960 1501 1038 1545 quo
1076 1488 1176 1530 Melii
1215 1487 1474 1530 admonentes
1511 1501 1578 1528 eos
1612 1496 1652 1528 et

188 1552 464 1606 obsecrantes,
502 1564 546 1597 ut
583 1568 631 1596 ne
667 1553 763 1609 sibi,
799 1557 864 1612 qui
904 1564 1137 1597 neutrorum
1174 1557 1301 1597 secuti
1342 1564 1477 1596 essent
1517 1561 1651 1611 partes

141 1635 146 1640 ·
189 1634 318 1679 neque
354 1621 658 1681 Atheniensium
705 1635 833 1680 neque
877 1622 1289 1671 Lacedaemoniorum,
1327 1622 1524 1664 communi
1560 1622 1652 1677 jure

189 1691 366 1745 gentium
398 1689 542 1732 violato
582 1690 662 1731 vim
700 1689 914 1743 inferrent,
950 1703 1024 1731 non
1061 1688 1186 1731 auditi
1223 1697 1338 1743 suut,
1374 1688 1515 1731 urbem
1536 1688 1650 1730 obsi-

189 1754 305 1798 dione
364 1765 404 1798 et
458 1772 477 1799 a
535 1765 639 1798 terra
688 1765 728 1798 et
782 1771 803 1798 a
857 1757 953 1798 mari
1007 1756 1248 1798 clauserunt.
1320 1756 1473 1798 Deinde
1526 1770 1650 1814 quum

190 1825 363 1866 maxima
416 1839 507 1882 pars
545 1825 748 1866 exercitus
794 1822 1096 1866 Atheniensium
1129 1823 1315 1881 praesidio
1354 1822 1508 1876 relicto,
1544 1822 1649 1881 quod

189 1889 334 1934 urbem
371 1899 598 1935 commeatu
628 1890 832 1933 exclusam
871 1889 975 1933 fame
1011 1899 1050 1933 et
1086 1892 1278 1948 angustiis
1302 1890 1388 1947 ejus
1425 1892 1582 1945 generis
1602 1889 1651 1932 ad

189 1956 432 2002 deditionem
479 1968 659 2014 cogeret,
706 1957 867 2000 domum
914 1960 1100 2014 revertit,
1135 1958 1237 2000 duas
1274 1972 1486 2015 prosperas
1522 1972 1654 2014 erup—

189 2028 318 2069 tiones
370 2027 520 2069 faciunt
573 2026 689 2069 Melii.
754 2026 853 2067 Tum
903 2025 1078 2068 subsidio
1132 2025 1300 2068 Athenis
1357 2026 1496 2080 misso,
1549 2025 1653 2066 duce

191 2094 436 2149 Philocrate,
481 2095 598 2136 etiam
642 2095 825 2150 graviore
862 2092 1066 2135 obsidione
1102 2094 1249 2149 pressi,
1285 2090 1399 2135 simul
1436 2093 1653 2135 accedente

192 2163 412 2219 proditione
447 2160 619 2219 quadam
658 2163 694 2203 in
732 2161 874 2219 oppido
911 2174 954 2202 se
991 2160 1086 2202 dant
1122 2162 1158 2201 in
1197 2159 1313 2202 fidem
1336 2159 1652 2202 Atheniensium.

289 2283 313 2326 ³)
336 2284 420 2316 Haeo
444 2283 480 2314 in
517 2292 623 2315 unum
659 2281 768 2314 locum
805 2281 879 2312 vide
904 2280 1042 2312 collecta
1074 2289 1093 2310 a
1118 2279 1350 2311 Tournefortio
1376 2279 1548 2321 (Relation
1574 2278 1654 2311 d’un

192 2342 335 2383 voyage
372 2341 417 2373 du
453 2340 593 2376 Levant,
630 2349 661 2380 p.
704 2339 769 2369 145
795 2343 829 2369 et
854 2337 972 2379 sequ.)‚
998 2337 1054 2378 qui
1073 2337 1221 2368 omnium
1246 2337 1499 2368 accuratissime
1523 2335 1655 2369 Melum

193 2403 226 2431 et
250 2399 424 2439 antiquam
449 2401 482 2429 et
506 2396 724 2428 recentiorem
751 2395 925 2435 descripsit
949 2399 982 2425 et
1007 2398 1160 2425 auctores
1186 2393 1467 2425 commemoravit.

287 2454 313 2497 ²)
338 2455 393 2487 Ita
420 2458 541 2496 praeter
570 2454 675 2485 Thuc.
701 2455 962 2484 commemorant
986 2450 1148 2482 Herodot.
1175 2449 1276 2482 VIII.
1302 2449 1346 2482 46
1372 2455 1405 2482 etz
1429 2449 1485 2488 48,
1512 2456 1545 2482 et
1568 2449 1652 2482 Xen.

188 2510 315 2553 Ἐλλην.
342 2512 387 2543 II.
414 2511 445 2542 2.
495 2510 558 2542 Cfr.
584 2509 682 2541 Mun.
709 2508 806 2540 Orch.
832 2518 863 2549 p.
889 2506 955 2540 316
981 2512 1015 2539 et
1033 2517 1123 2548 sequ.

287 2566 315 2609 ³)
342 2569 388 2600 V.
415 2567 491 2599 112.
629 2565 656 2608 ⁴)
681 2565 765 2597 Hdt.
792 2576 820 2596 a.
847 2565 870 2597 l.
1009 2563 1036 2607 ⁵)
1061 2563 1215 2597 Tournef.
1243 2574 1272 2594 a.
1298 2563 1319 2594 1.

288 2624 315 2667 ⁶)
340 2625 405 2658 Cfr.
431 2624 534 2666 Popp.
562 2624 649 2657 Prol.
676 2623 702 2655 I.
730 2633 758 2664 p.
785 2620 861 2654 277.
