<?xml version="1.0" encoding="UTF-8"?>
<!DOCTYPE html PUBLIC "-//W3C//DTD XHTML 1.0 Transitional//EN"
    "http://www.w3.org/TR/xhtml1/DTD/xhtml1-transitional.dtd">
<html xmlns="http://www.w3.org/1999/xhtml" xml:lang="en" lang="en">
 <head>
  <title>
</title>
<meta http-equiv="Content-Type" content="text/html;charset=utf-8" />
  <meta name='ocr-system' content='tesseract 3.04.00' />
  <meta name='ocr-capabilities' content='ocr_page ocr_carea ocr_par ocr_line ocrx_word'/>
</head>
<body>
  <div class='ocr_page' id='page_1' title='image "./colloquiumatheni00thucuoft_0012.png"; bbox 0 0 2014 3101; ppageno 0'>
   <div class='ocr_carea' id='block_1_1' title="bbox 1117 110 1144 151">
    <p class='ocr_par' dir='ltr' id='par_1_1' title="bbox 1117 110 1144 151">
     <span class='ocr_line' id='line_1_1' title="bbox 1117 110 1144 151; baseline 0 0"><span class='ocrx_word' id='word_1_1' title='bbox 1117 110 1144 151; x_wconf 92' lang='lat'>8</span> 
     </span>
    </p>
   </div>
   <div class='ocr_carea' id='block_1_2' title="bbox 393 215 1869 2635">
    <p class='ocr_par' dir='ltr' id='par_1_2' title="bbox 397 215 1868 1077">
     <span class='ocr_line' id='line_1_2' title="bbox 402 215 1865 277; baseline 0.004 -19"><span class='ocrx_word' id='word_1_2' title='bbox 402 230 452 259; x_wconf 84' lang='lat' dir='ltr'>ex</span> <span class='ocrx_word' id='word_1_3' title='bbox 486 215 590 259; x_wconf 91' lang='lat' dir='ltr'>bello</span> <span class='ocrx_word' id='word_1_4' title='bbox 623 216 764 259; x_wconf 89' lang='lat' dir='ltr'>decem</span> <span class='ocrx_word' id='word_1_5' title='bbox 800 231 994 260; x_wconf 88' lang='lat' dir='ltr'>annorum</span> <span class='ocrx_word' id='word_1_6' title='bbox 1034 228 1233 277; x_wconf 86' lang='lat' dir='ltr'>reportata</span> <span class='ocrx_word' id='word_1_7' title='bbox 1270 228 1311 261; x_wconf 87' lang='lat' dir='ltr'>et</span> <span class='ocrx_word' id='word_1_8' title='bbox 1345 221 1465 263; x_wconf 93' lang='lat' dir='ltr'>sociis</span> <span class='ocrx_word' id='word_1_9' title='bbox 1501 227 1541 262; x_wconf 90' lang='lat' dir='ltr'>et</span> <span class='ocrx_word' id='word_1_10' title='bbox 1571 218 1754 264; x_wconf 83' lang='lat' dir='ltr'><strong>hostibus</strong></span> <span class='ocrx_word' id='word_1_11' title='bbox 1773 236 1865 264; x_wconf 90' lang='lat' dir='ltr'>me·-</span> 
     </span>
     <span class='ocr_line' id='line_1_3' title="bbox 402 282 1866 345; baseline 0.003 -20"><span class='ocrx_word' id='word_1_12' title='bbox 402 282 540 327; x_wconf 88' lang='lat' dir='ltr'>tuendi</span> <span class='ocrx_word' id='word_1_13' title='bbox 601 283 775 327; x_wconf 86' lang='lat' dir='ltr'>fuerunt.</span> <span class='ocrx_word' id='word_1_14' title='bbox 846 286 1072 344; x_wconf 90' lang='lat' dir='ltr'>Nescioque</span> <span class='ocrx_word' id='word_1_15' title='bbox 1132 301 1181 330; x_wconf 87' lang='lat' dir='ltr'>an</span> <span class='ocrx_word' id='word_1_16' title='bbox 1241 288 1315 345; x_wconf 87' lang='lat' dir='ltr'>ipsi</span> <span class='ocrx_word' id='word_1_17' title='bbox 1369 288 1559 344; x_wconf 84' lang='lat' dir='ltr'>majorem</span> <span class='ocrx_word' id='word_1_18' title='bbox 1603 288 1866 331; x_wconf 75' lang='lat' dir='ltr'><strong>sustinuerint</strong></span> 
     </span>
     <span class='ocr_line' id='line_1_4' title="bbox 399 351 1867 412; baseline 0.004 -20"><span class='ocrx_word' id='word_1_19' title='bbox 399 364 561 394; x_wconf 91' lang='lat' dir='ltr'>causam</span> <span class='ocrx_word' id='word_1_20' title='bbox 618 353 726 408; x_wconf 85' lang='lat' dir='ltr'>pacis</span> <span class='ocrx_word' id='word_1_21' title='bbox 762 351 995 406; x_wconf 74' lang='lat' dir='ltr'>turbandae,</span> <span class='ocrx_word' id='word_1_22' title='bbox 1051 368 1171 412; x_wconf 89' lang='lat' dir='ltr'>quam</span> <span class='ocrx_word' id='word_1_23' title='bbox 1208 353 1515 397; x_wconf 75' lang='lat' dir='ltr'>Lacedaemonii.</span> <span class='ocrx_word' id='word_1_24' title='bbox 1585 356 1687 398; x_wconf 92' lang='lat' dir='ltr'>Nam</span> <span class='ocrx_word' id='word_1_25' title='bbox 1725 355 1763 398; x_wconf 91' lang='lat' dir='ltr'>hi</span> <span class='ocrx_word' id='word_1_26' title='bbox 1802 354 1867 398; x_wconf 93' lang='lat' dir='ltr'>illo</span> 
     </span>
     <span class='ocr_line' id='line_1_5' title="bbox 399 419 1868 478; baseline 0.003 -19"><span class='ocrx_word' id='word_1_27' title='bbox 399 419 486 475; x_wconf 89' lang='lat' dir='ltr'>ipso</span> <span class='ocrx_word' id='word_1_28' title='bbox 523 427 701 476; x_wconf 91' lang='lat' dir='ltr'>tempore</span> <span class='ocrx_word' id='word_1_29' title='bbox 732 427 772 461; x_wconf 88' lang='lat' dir='ltr'>et</span> <span class='ocrx_word' id='word_1_30' title='bbox 807 419 1055 477; x_wconf 79' lang='lat' dir='ltr'>aliquamdiu</span> <span class='ocrx_word' id='word_1_31' title='bbox 1086 431 1175 478; x_wconf 90' lang='lat' dir='ltr'>post</span> <span class='ocrx_word' id='word_1_32' title='bbox 1211 420 1351 478; x_wconf 89' lang='lat' dir='ltr'>opibus</span> <span class='ocrx_word' id='word_1_33' title='bbox 1379 422 1701 477; x_wconf 76' lang='lat' dir='ltr'>adversariorum</span> <span class='ocrx_word' id='word_1_34' title='bbox 1732 421 1868 466; x_wconf 92' lang='lat' dir='ltr'>multis</span> 
     </span>
     <span class='ocr_line' id='line_1_6' title="bbox 401 488 1866 548; baseline 0.004 -22"><span class='ocrx_word' id='word_1_35' title='bbox 401 494 441 526; x_wconf 89' lang='lat' dir='ltr'>et</span> <span class='ocrx_word' id='word_1_36' title='bbox 478 488 652 541; x_wconf 76' lang='lat' dir='ltr'>magnis,</span> <span class='ocrx_word' id='word_1_37' title='bbox 683 500 774 544; x_wconf 86' lang='lat' dir='ltr'>quae</span> <span class='ocrx_word' id='word_1_38' title='bbox 812 496 960 546; x_wconf 84' lang='lat' dir='ltr'>praeter</span> <span class='ocrx_word' id='word_1_39' title='bbox 994 502 1109 545; x_wconf 89' lang='lat' dir='ltr'>spem</span> <span class='ocrx_word' id='word_1_40' title='bbox 1141 489 1314 532; x_wconf 89' lang='lat' dir='ltr'>nondum</span> <span class='ocrx_word' id='word_1_41' title='bbox 1352 499 1866 548; x_wconf 85' lang='lat' dir='ltr'>senescerent,eorumque</span> 
     </span>
     <span class='ocr_line' id='line_1_7' title="bbox 399 551 1867 613; baseline 0.004 -20"><span class='ocrx_word' id='word_1_42' title='bbox 399 551 632 595; x_wconf 86' lang='lat' dir='ltr'>fortitudine</span> <span class='ocrx_word' id='word_1_43' title='bbox 667 557 972 612; x_wconf 76' lang='lat' dir='ltr'>constantiaque</span> <span class='ocrx_word' id='word_1_44' title='bbox 1017 554 1153 598; x_wconf 89' lang='lat' dir='ltr'>bellica</span> <span class='ocrx_word' id='word_1_45' title='bbox 1202 558 1300 599; x_wconf 88' lang='lat' dir='ltr'>satis</span> <span class='ocrx_word' id='word_1_46' title='bbox 1337 558 1505 613; x_wconf 76' lang='lat' dir='ltr'>cognitis</span> <span class='ocrx_word' id='word_1_47' title='bbox 1541 567 1581 600; x_wconf 90' lang='lat' dir='ltr'>et</span> <span class='ocrx_word' id='word_1_48' title='bbox 1618 556 1737 599; x_wconf 93' lang='lat' dir='ltr'>simul</span> <span class='ocrx_word' id='word_1_49' title='bbox 1772 570 1867 599; x_wconf 88' lang='lat' dir='ltr'>suas</span> 
     </span>
     <span class='ocr_line' id='line_1_8' title="bbox 400 621 1865 682; baseline 0.004 -22"><span class='ocrx_word' id='word_1_50' title='bbox 400 621 577 675; x_wconf 90' lang='lat' dir='ltr'>ipsorum</span> <span class='ocrx_word' id='word_1_51' title='bbox 627 622 735 663; x_wconf 91' lang='lat' dir='ltr'>vires</span> <span class='ocrx_word' id='word_1_52' title='bbox 787 621 1058 679; x_wconf 81' lang='lat' dir='ltr'>redintegrare</span> <span class='ocrx_word' id='word_1_53' title='bbox 1107 626 1338 681; x_wconf 87' lang='lat' dir='ltr'>cupientes,</span> <span class='ocrx_word' id='word_1_54' title='bbox 1372 632 1567 682; x_wconf 88' lang='lat' dir='ltr'>quantum</span> <span class='ocrx_word' id='word_1_55' title='bbox 1604 627 1642 668; x_wconf 88' lang='lat' dir='ltr'>in</span> <span class='ocrx_word' id='word_1_56' title='bbox 1679 639 1723 666; x_wconf 89' lang='lat' dir='ltr'>se</span> <span class='ocrx_word' id='word_1_57' title='bbox 1759 632 1865 676; x_wconf 90' lang='lat' dir='ltr'>erat,</span> 
     </span>
     <span class='ocr_line' id='line_1_9' title="bbox 399 684 1867 747; baseline 0.004 -19"><span class='ocrx_word' id='word_1_58' title='bbox 399 684 602 741; x_wconf 86' lang='lat' dir='ltr'>fecerunt,</span> <span class='ocrx_word' id='word_1_59' title='bbox 660 699 702 731; x_wconf 84' lang='lat' dir='ltr'>ut</span> <span class='ocrx_word' id='word_1_60' title='bbox 757 688 912 745; x_wconf 78' lang='lat' dir='ltr'>legibus</span> <span class='ocrx_word' id='word_1_61' title='bbox 958 691 1065 747; x_wconf 85' lang='lat' dir='ltr'>pacis</span> <span class='ocrx_word' id='word_1_62' title='bbox 1115 692 1406 734; x_wconf 79' lang='lat' dir='ltr'>satisfacerent.</span> <span class='ocrx_word' id='word_1_63' title='bbox 1475 691 1554 734; x_wconf 88' lang='lat' dir='ltr'>Sed</span> <span class='ocrx_word' id='word_1_64' title='bbox 1610 706 1658 734; x_wconf 91' lang='lat' dir='ltr'>ne</span> <span class='ocrx_word' id='word_1_65' title='bbox 1711 690 1784 734; x_wconf 86' lang='lat' dir='ltr'>hoc</span> <span class='ocrx_word' id='word_1_66' title='bbox 1820 693 1867 734; x_wconf 91' lang='lat' dir='ltr'>iis</span> 
     </span>
     <span class='ocr_line' id='line_1_10' title="bbox 397 754 1865 814; baseline 0.004 -20"><span class='ocrx_word' id='word_1_67' title='bbox 397 754 633 798; x_wconf 79' lang='lat' dir='ltr'>succederet</span> <span class='ocrx_word' id='word_1_68' title='bbox 665 765 811 814; x_wconf 85' lang='lat' dir='ltr'>praeter</span> <span class='ocrx_word' id='word_1_69' title='bbox 847 757 946 798; x_wconf 88' lang='lat' dir='ltr'>alias</span> <span class='ocrx_word' id='word_1_70' title='bbox 989 771 1133 800; x_wconf 86' lang='lat' dir='ltr'>causas</span> <span class='ocrx_word' id='word_1_71' title='bbox 1170 758 1231 801; x_wconf 88' lang='lat' dir='ltr'>vel</span> <span class='ocrx_word' id='word_1_72' title='bbox 1277 761 1450 800; x_wconf 84' lang='lat' dir='ltr'>maxime</span> <span class='ocrx_word' id='word_1_73' title='bbox 1486 762 1580 802; x_wconf 89' lang='lat' dir='ltr'>socii</span> <span class='ocrx_word' id='word_1_74' title='bbox 1619 757 1865 813; x_wconf 78' lang='lat' dir='ltr'>officiebant,</span> 
     </span>
     <span class='ocr_line' id='line_1_11' title="bbox 397 822 1863 884; baseline 0.005 -23"><span class='ocrx_word' id='word_1_75' title='bbox 397 822 465 878; x_wconf 91' lang='lat' dir='ltr'>qui</span> <span class='ocrx_word' id='word_1_76' title='bbox 501 835 626 880; x_wconf 91' lang='lat' dir='ltr'>quum</span> <span class='ocrx_word' id='word_1_77' title='bbox 673 823 840 877; x_wconf 87' lang='lat' dir='ltr'>bellum,</span> <span class='ocrx_word' id='word_1_78' title='bbox 884 823 989 881; x_wconf 92' lang='lat' dir='ltr'>quod</span> <span class='ocrx_word' id='word_1_79' title='bbox 1035 823 1203 868; x_wconf 77' lang='lat' dir='ltr'>Graeciae</span> <span class='ocrx_word' id='word_1_80' title='bbox 1241 826 1434 868; x_wconf 78' lang='lat' dir='ltr'>libertatis</span> <span class='ocrx_word' id='word_1_81' title='bbox 1471 840 1591 869; x_wconf 88' lang='lat' dir='ltr'>causa</span> <span class='ocrx_word' id='word_1_82' title='bbox 1628 833 1863 884; x_wconf 87' lang='lat' dir='ltr'>susceptum</span> 
     </span>
     <span class='ocr_line' id='line_1_12' title="bbox 397 892 1866 951; baseline 0.003 -21"><span class='ocrx_word' id='word_1_83' title='bbox 397 897 524 942; x_wconf 83' lang='lat' dir='ltr'>esset,</span> <span class='ocrx_word' id='word_1_84' title='bbox 579 892 722 933; x_wconf 91' lang='lat' dir='ltr'>animis</span> <span class='ocrx_word' id='word_1_85' title='bbox 785 892 1095 948; x_wconf 82' lang='lat' dir='ltr'>promptissimis</span> <span class='ocrx_word' id='word_1_86' title='bbox 1158 895 1506 951; x_wconf 83' lang='lat' dir='ltr'>paratissimisque</span> <span class='ocrx_word' id='word_1_87' title='bbox 1558 895 1866 946; x_wconf 82' lang='lat' dir='ltr'>sustinuissent,</span> 
     </span>
     <span class='ocr_line' id='line_1_13' title="bbox 398 957 1866 1017; baseline 0.003 -20"><span class='ocrx_word' id='word_1_88' title='bbox 398 963 483 997; x_wconf 90' lang='lat' dir='ltr'>tum</span> <span class='ocrx_word' id='word_1_89' title='bbox 531 958 704 1014; x_wconf 91' lang='lat' dir='ltr'>primum</span> <span class='ocrx_word' id='word_1_90' title='bbox 749 957 800 1000; x_wconf 92' lang='lat' dir='ltr'>ab</span> <span class='ocrx_word' id='word_1_91' title='bbox 844 958 911 1012; x_wconf 90' lang='lat' dir='ltr'>iis,</span> <span class='ocrx_word' id='word_1_92' title='bbox 954 972 1078 1015; x_wconf 88' lang='lat' dir='ltr'>quum</span> <span class='ocrx_word' id='word_1_93' title='bbox 1117 959 1325 1003; x_wconf 86' lang='lat' dir='ltr'>redierunt</span> <span class='ocrx_word' id='word_1_94' title='bbox 1362 961 1399 1002; x_wconf 91' lang='lat' dir='ltr'>in</span> <span class='ocrx_word' id='word_1_95' title='bbox 1436 963 1602 1017; x_wconf 79' lang='lat' dir='ltr'>gratiam</span> <span class='ocrx_word' id='word_1_96' title='bbox 1640 959 1866 1005; x_wconf 87' lang='lat' dir='ltr'>Athenien-</span> 
     </span>
     <span class='ocr_line' id='line_1_14' title="bbox 397 1023 835 1077; baseline 0.007 -13"><span class='ocrx_word' id='word_1_97' title='bbox 397 1024 524 1077; x_wconf 85' lang='lat' dir='ltr'>sium,</span> <span class='ocrx_word' id='word_1_98' title='bbox 563 1023 835 1067; x_wconf 87' lang='lat' dir='ltr'>desciverunt.</span> 
     </span>
    </p>

    <p class='ocr_par' dir='ltr' id='par_1_3' title="bbox 394 1091 1868 1554">
     <span class='ocr_line' id='line_1_15' title="bbox 536 1091 1868 1152; baseline 0.004 -19"><span class='ocrx_word' id='word_1_99' title='bbox 536 1091 624 1134; x_wconf 88' lang='lat' dir='ltr'>Jam</span> <span class='ocrx_word' id='word_1_100' title='bbox 663 1106 758 1135; x_wconf 83' lang='lat' dir='ltr'>vero</span> <span class='ocrx_word' id='word_1_101' title='bbox 790 1094 1080 1148; x_wconf 89' lang='lat' dir='ltr'>Mantinenses,</span> <span class='ocrx_word' id='word_1_102' title='bbox 1117 1102 1328 1151; x_wconf 88' lang='lat' dir='ltr'>postquam</span> <span class='ocrx_word' id='word_1_103' title='bbox 1368 1096 1472 1152; x_wconf 91' lang='lat' dir='ltr'>apud</span> <span class='ocrx_word' id='word_1_104' title='bbox 1504 1096 1744 1139; x_wconf 89' lang='lat' dir='ltr'>Mantineam</span> <span class='ocrx_word' id='word_1_105' title='bbox 1763 1096 1868 1139; x_wconf 87' lang='lat' dir='ltr'>male</span> 
     </span>
     <span class='ocr_line' id='line_1_16' title="bbox 396 1162 1864 1218; baseline 0.004 -18"><span class='ocrx_word' id='word_1_106' title='bbox 396 1168 619 1214; x_wconf 82' lang='lat' dir='ltr'>pugnatum</span> <span class='ocrx_word' id='word_1_107' title='bbox 693 1168 800 1216; x_wconf 81' lang='lat' dir='ltr'>erat,</span> <span class='ocrx_word' id='word_1_108' title='bbox 854 1169 970 1218; x_wconf 89' lang='lat' dir='ltr'>pacto</span> <span class='ocrx_word' id='word_1_109' title='bbox 1051 1162 1208 1204; x_wconf 87' lang='lat' dir='ltr'>foedere</span> <span class='ocrx_word' id='word_1_110' title='bbox 1279 1162 1595 1206; x_wconf 85' lang='lat' dir='ltr'>Lacedaemoniis</span> <span class='ocrx_word' id='word_1_111' title='bbox 1663 1163 1864 1206; x_wconf 88' lang='lat' dir='ltr'>conciliati</span> 
     </span>
     <span class='ocr_line' id='line_1_17' title="bbox 394 1226 1868 1288; baseline 0.004 -21"><span class='ocrx_word' id='word_1_112' title='bbox 394 1235 488 1268; x_wconf 88' lang='lat' dir='ltr'>sunt</span> <span class='ocrx_word' id='word_1_113' title='bbox 515 1226 557 1283; x_wconf 88' lang='lat'>1).</span> <span class='ocrx_word' id='word_1_114' title='bbox 627 1227 882 1286; x_wconf 85' lang='lat' dir='ltr'>Quamquam</span> <span class='ocrx_word' id='word_1_115' title='bbox 935 1228 983 1270; x_wconf 89' lang='lat' dir='ltr'>ad</span> <span class='ocrx_word' id='word_1_116' title='bbox 1035 1238 1241 1288; x_wconf 89' lang='lat' dir='ltr'>posterum</span> <span class='ocrx_word' id='word_1_117' title='bbox 1302 1228 1454 1273; x_wconf 92' lang='lat' dir='ltr'>bellum</span> <span class='ocrx_word' id='word_1_118' title='bbox 1514 1230 1666 1273; x_wconf 88' lang='lat' dir='ltr'>nullam</span> <span class='ocrx_word' id='word_1_119' title='bbox 1716 1229 1868 1274; x_wconf 88' lang='lat' dir='ltr'>habent</span> 
     </span>
     <span class='ocr_line' id='line_1_18' title="bbox 394 1294 1866 1357; baseline 0.004 -23"><span class='ocrx_word' id='word_1_120' title='bbox 394 1295 499 1348; x_wconf 91' lang='lat' dir='ltr'>vim,</span> <span class='ocrx_word' id='word_1_121' title='bbox 534 1294 640 1352; x_wconf 90' lang='lat' dir='ltr'>quod</span> <span class='ocrx_word' id='word_1_122' title='bbox 676 1295 781 1337; x_wconf 90' lang='lat' dir='ltr'>idem</span> <span class='ocrx_word' id='word_1_123' title='bbox 819 1297 993 1353; x_wconf 84' lang='lat' dir='ltr'>pertinet</span> <span class='ocrx_word' id='word_1_124' title='bbox 1025 1295 1075 1339; x_wconf 89' lang='lat' dir='ltr'>ad</span> <span class='ocrx_word' id='word_1_125' title='bbox 1112 1297 1248 1352; x_wconf 77' lang='lat' dir='ltr'>Eleos,</span> <span class='ocrx_word' id='word_1_126' title='bbox 1285 1299 1352 1355; x_wconf 92' lang='lat' dir='ltr'>qui</span> <span class='ocrx_word' id='word_1_127' title='bbox 1391 1299 1428 1340; x_wconf 92' lang='lat' dir='ltr'>in</span> <span class='ocrx_word' id='word_1_128' title='bbox 1466 1298 1530 1341; x_wconf 94' lang='lat' dir='ltr'>illo</span> <span class='ocrx_word' id='word_1_129' title='bbox 1565 1313 1723 1357; x_wconf 89' lang='lat' dir='ltr'>quoque</span> <span class='ocrx_word' id='word_1_130' title='bbox 1753 1305 1866 1340; x_wconf 88' lang='lat' dir='ltr'>tem-</span> 
     </span>
     <span class='ocr_line' id='line_1_19' title="bbox 395 1362 1867 1424; baseline 0.004 -22"><span class='ocrx_word' id='word_1_131' title='bbox 395 1374 491 1416; x_wconf 86' lang='lat' dir='ltr'>pore</span> <span class='ocrx_word' id='word_1_132' title='bbox 527 1376 636 1404; x_wconf 88' lang='lat' dir='ltr'>arma</span> <span class='ocrx_word' id='word_1_133' title='bbox 677 1362 863 1405; x_wconf 88' lang='lat' dir='ltr'>videntur</span> <span class='ocrx_word' id='word_1_134' title='bbox 901 1366 1092 1420; x_wconf 87' lang='lat' dir='ltr'>posuisse.</span> <span class='ocrx_word' id='word_1_135' title='bbox 1163 1365 1357 1407; x_wconf 88' lang='lat' dir='ltr'>Corinthii</span> <span class='ocrx_word' id='word_1_136' title='bbox 1395 1381 1490 1408; x_wconf 85' lang='lat' dir='ltr'>vero</span> <span class='ocrx_word' id='word_1_137' title='bbox 1527 1374 1567 1408; x_wconf 87' lang='lat' dir='ltr'>et</span> <span class='ocrx_word' id='word_1_138' title='bbox 1611 1365 1867 1424; x_wconf 81' lang='lat' dir='ltr'>Megarenses</span> 
     </span>
     <span class='ocr_line' id='line_1_20' title="bbox 394 1429 1868 1491; baseline 0.005 -22"><span class='ocrx_word' id='word_1_139' title='bbox 394 1436 434 1469; x_wconf 92' lang='lat' dir='ltr'>et</span> <span class='ocrx_word' id='word_1_140' title='bbox 469 1429 631 1481; x_wconf 79' lang='lat' dir='ltr'>Boeoti,</span> <span class='ocrx_word' id='word_1_141' title='bbox 668 1438 713 1473; x_wconf 88' lang='lat' dir='ltr'>ut</span> <span class='ocrx_word' id='word_1_142' title='bbox 746 1430 827 1486; x_wconf 90' lang='lat' dir='ltr'>jam</span> <span class='ocrx_word' id='word_1_143' title='bbox 865 1430 970 1489; x_wconf 90' lang='lat' dir='ltr'>apud</span> <span class='ocrx_word' id='word_1_144' title='bbox 1009 1433 1203 1475; x_wconf 88' lang='lat' dir='ltr'>Nemeam</span> <span class='ocrx_word' id='word_1_145' title='bbox 1235 1434 1380 1474; x_wconf 88' lang='lat' dir='ltr'>castris</span> <span class='ocrx_word' id='word_1_146' title='bbox 1419 1433 1629 1491; x_wconf 86' lang='lat' dir='ltr'>adjunctos</span> <span class='ocrx_word' id='word_1_147' title='bbox 1659 1448 1727 1476; x_wconf 91' lang='lat' dir='ltr'>eos</span> <span class='ocrx_word' id='word_1_148' title='bbox 1747 1432 1868 1476; x_wconf 79' lang='lat' dir='ltr'>dixe-</span> 
     </span>
     <span class='ocr_line' id='line_1_21' title="bbox 395 1496 1866 1554; baseline 0.003 -17"><span class='ocrx_word' id='word_1_149' title='bbox 395 1509 532 1538; x_wconf 88' lang='lat' dir='ltr'>ramus</span> <span class='ocrx_word' id='word_1_150' title='bbox 570 1496 985 1554; x_wconf 55' lang='lat' dir='ltr'>Lacedaemoniorum,</span> <span class='ocrx_word' id='word_1_151' title='bbox 1029 1498 1091 1541; x_wconf 91' lang='lat' dir='ltr'>his</span> <span class='ocrx_word' id='word_1_152' title='bbox 1138 1514 1242 1542; x_wconf 89' lang='lat' dir='ltr'>nunc</span> <span class='ocrx_word' id='word_1_153' title='bbox 1278 1502 1371 1543; x_wconf 88' lang='lat' dir='ltr'>socii</span> <span class='ocrx_word' id='word_1_154' title='bbox 1401 1509 1441 1543; x_wconf 86' lang='lat' dir='ltr'>et</span> <span class='ocrx_word' id='word_1_155' title='bbox 1475 1503 1590 1544; x_wconf 87' lang='lat' dir='ltr'>amici</span> <span class='ocrx_word' id='word_1_156' title='bbox 1628 1510 1722 1543; x_wconf 90' lang='lat' dir='ltr'>sunt</span> <span class='ocrx_word' id='word_1_157' title='bbox 1758 1501 1866 1543; x_wconf 85' lang='lat' dir='ltr'>facti.</span> 
     </span>
    </p>

    <p class='ocr_par' dir='ltr' id='par_1_4' title="bbox 394 1563 1867 1962">
     <span class='ocr_line' id='line_1_22' title="bbox 531 1563 1866 1625; baseline 0.002 -19"><span class='ocrx_word' id='word_1_158' title='bbox 531 1563 819 1608; x_wconf 76' lang='lat' dir='ltr'>Laeedaemonii</span> <span class='ocrx_word' id='word_1_159' title='bbox 859 1567 979 1623; x_wconf 79' lang='lat' dir='ltr'>igitur</span> <span class='ocrx_word' id='word_1_160' title='bbox 1017 1568 1193 1625; x_wconf 88' lang='lat' dir='ltr'>pristinis</span> <span class='ocrx_word' id='word_1_161' title='bbox 1230 1568 1345 1609; x_wconf 87' lang='lat' dir='ltr'>sociis</span> <span class='ocrx_word' id='word_1_162' title='bbox 1381 1582 1517 1611; x_wconf 88' lang='lat' dir='ltr'>secum</span> <span class='ocrx_word' id='word_1_163' title='bbox 1546 1568 1768 1624; x_wconf 87' lang='lat' dir='ltr'>conjunctis</span> <span class='ocrx_word' id='word_1_164' title='bbox 1790 1583 1866 1610; x_wconf 89' lang='lat' dir='ltr'>non</span> 
     </span>
     <span class='ocr_line' id='line_1_23' title="bbox 396 1632 1867 1691; baseline 0.004 -19"><span class='ocrx_word' id='word_1_165' title='bbox 396 1644 583 1688; x_wconf 81' lang='lat' dir='ltr'>magnum</span> <span class='ocrx_word' id='word_1_166' title='bbox 620 1632 671 1674; x_wconf 93' lang='lat' dir='ltr'>illi</span> <span class='ocrx_word' id='word_1_167' title='bbox 710 1632 872 1690; x_wconf 89' lang='lat' dir='ltr'>quidem</span> <span class='ocrx_word' id='word_1_168' title='bbox 906 1632 1193 1677; x_wconf 88' lang='lat' dir='ltr'>detrimentum</span> <span class='ocrx_word' id='word_1_169' title='bbox 1230 1649 1281 1676; x_wconf 79' lang='lat' dir='ltr'>ex</span> <span class='ocrx_word' id='word_1_170' title='bbox 1318 1635 1622 1678; x_wconf 77' lang='lat' dir='ltr'>Atheniensium</span> <span class='ocrx_word' id='word_1_171' title='bbox 1659 1645 1699 1679; x_wconf 85' lang='lat' dir='ltr'>et</span> <span class='ocrx_word' id='word_1_172' title='bbox 1743 1636 1867 1691; x_wconf 72' lang='lat' dir='ltr'>Argi—</span> 
     </span>
     <span class='ocr_line' id='line_1_24' title="bbox 397 1698 1866 1761; baseline 0.004 -22"><span class='ocrx_word' id='word_1_173' title='bbox 397 1712 538 1740; x_wconf 86' lang='lat' dir='ltr'>vorum</span> <span class='ocrx_word' id='word_1_174' title='bbox 593 1698 753 1742; x_wconf 88' lang='lat' dir='ltr'>foedere</span> <span class='ocrx_word' id='word_1_175' title='bbox 803 1710 1013 1757; x_wconf 86' lang='lat' dir='ltr'>ceperant,</span> <span class='ocrx_word' id='word_1_176' title='bbox 1071 1701 1141 1744; x_wconf 91' lang='lat' dir='ltr'>sed</span> <span class='ocrx_word' id='word_1_177' title='bbox 1197 1703 1359 1745; x_wconf 87' lang='lat' dir='ltr'>victoria</span> <span class='ocrx_word' id='word_1_178' title='bbox 1413 1704 1650 1746; x_wconf 87' lang='lat' dir='ltr'>Mantinensi</span> <span class='ocrx_word' id='word_1_179' title='bbox 1704 1705 1866 1761; x_wconf 90' lang='lat' dir='ltr'>antiqua</span> 
     </span>
     <span class='ocr_line' id='line_1_25' title="bbox 396 1767 1867 1827; baseline 0.005 -21"><span class='ocrx_word' id='word_1_180' title='bbox 396 1767 694 1808; x_wconf 77' lang='lat' dir='ltr'>existimatione</span> <span class='ocrx_word' id='word_1_181' title='bbox 730 1776 913 1825; x_wconf 87' lang='lat' dir='ltr'>reparata</span> <span class='ocrx_word' id='word_1_182' title='bbox 952 1769 1192 1812; x_wconf 86' lang='lat' dir='ltr'>certioribus</span> <span class='ocrx_word' id='word_1_183' title='bbox 1231 1769 1402 1826; x_wconf 87' lang='lat' dir='ltr'>pedibus</span> <span class='ocrx_word' id='word_1_184' title='bbox 1438 1770 1600 1813; x_wconf 85' lang='lat' dir='ltr'>stabant</span> <span class='ocrx_word' id='word_1_185' title='bbox 1636 1770 1867 1827; x_wconf 76' lang='lat' dir='ltr'>digniores-</span> 
     </span>
     <span class='ocr_line' id='line_1_26' title="bbox 396 1836 1866 1896; baseline 0.003 -22"><span class='ocrx_word' id='word_1_186' title='bbox 396 1847 474 1890; x_wconf 90' lang='lat' dir='ltr'>que</span> <span class='ocrx_word' id='word_1_187' title='bbox 519 1847 639 1890; x_wconf 90' lang='lat' dir='ltr'>quam</span> <span class='ocrx_word' id='word_1_188' title='bbox 690 1843 870 1893; x_wconf 88' lang='lat' dir='ltr'>tempore</span> <span class='ocrx_word' id='word_1_189' title='bbox 924 1838 1036 1893; x_wconf 88' lang='lat' dir='ltr'>pacis</span> <span class='ocrx_word' id='word_1_190' title='bbox 1072 1836 1177 1879; x_wconf 92' lang='lat' dir='ltr'>illius</span> <span class='ocrx_word' id='word_1_191' title='bbox 1213 1840 1466 1895; x_wconf 82' lang='lat' dir='ltr'>compositae‚</span> <span class='ocrx_word' id='word_1_192' title='bbox 1497 1839 1565 1896; x_wconf 91' lang='lat' dir='ltr'>qui</span> <span class='ocrx_word' id='word_1_193' title='bbox 1602 1841 1722 1881; x_wconf 90' lang='lat' dir='ltr'>sociis</span> <span class='ocrx_word' id='word_1_194' title='bbox 1754 1851 1866 1896; x_wconf 81' lang='lat' dir='ltr'>pree-</span> 
     </span>
     <span class='ocr_line' id='line_1_27' title="bbox 394 1898 1866 1962; baseline 0.005 -22"><span class='ocrx_word' id='word_1_195' title='bbox 394 1898 486 1941; x_wconf 81' lang='lat' dir='ltr'>fecti</span> <span class='ocrx_word' id='word_1_196' title='bbox 527 1900 793 1944; x_wconf 85' lang='lat' dir='ltr'>Athenienses</span> <span class='ocrx_word' id='word_1_197' title='bbox 811 1901 859 1944; x_wconf 90' lang='lat' dir='ltr'>de</span> <span class='ocrx_word' id='word_1_198' title='bbox 881 1903 1091 1959; x_wconf 76' lang='lat' dir='ltr'>tyrannide</span> <span class='ocrx_word' id='word_1_199' title='bbox 1108 1903 1276 1946; x_wconf 83' lang='lat' dir='ltr'>Graeciae</span> <span class='ocrx_word' id='word_1_200' title='bbox 1296 1905 1536 1962; x_wconf 85' lang='lat' dir='ltr'>dejicerent,</span> <span class='ocrx_word' id='word_1_201' title='bbox 1557 1905 1800 1948; x_wconf 88' lang='lat' dir='ltr'>videbantur</span> <span class='ocrx_word' id='word_1_202' title='bbox 1820 1903 1866 1962; x_wconf 85' lang='lat'>2).</span> 
     </span>
    </p>

    <p class='ocr_par' dir='ltr' id='par_1_5' title="bbox 393 1967 1866 2499">
     <span class='ocr_line' id='line_1_28' title="bbox 530 1967 1866 2032; baseline 0.004 -23"><span class='ocrx_word' id='word_1_203' title='bbox 530 1967 581 2009; x_wconf 91' lang='lat' dir='ltr'>Et</span> <span class='ocrx_word' id='word_1_204' title='bbox 635 1976 678 2010; x_wconf 92' lang='lat' dir='ltr'>ut</span> <span class='ocrx_word' id='word_1_205' title='bbox 734 1969 1053 2012; x_wconf 77' lang='lat' dir='ltr'>Lacedaemoniis</span> <span class='ocrx_word' id='word_1_206' title='bbox 1108 1985 1252 2029; x_wconf 80' lang='lat' dir='ltr'>magno</span> <span class='ocrx_word' id='word_1_207' title='bbox 1300 1982 1387 2015; x_wconf 89' lang='lat' dir='ltr'>erat</span> <span class='ocrx_word' id='word_1_208' title='bbox 1425 1972 1569 2015; x_wconf 89' lang='lat' dir='ltr'>damno</span> <span class='ocrx_word' id='word_1_209' title='bbox 1600 1972 1704 2032; x_wconf 93' lang='lat' dir='ltr'>quod</span> <span class='ocrx_word' id='word_1_210' title='bbox 1742 1972 1866 2031; x_wconf 80' lang='lat' dir='ltr'>Pylus</span> 
     </span>
     <span class='ocr_line' id='line_1_29' title="bbox 393 2034 1866 2099; baseline 0.004 -23"><span class='ocrx_word' id='word_1_211' title='bbox 393 2034 694 2077; x_wconf 85' lang='lat' dir='ltr'>Atheniensium</span> <span class='ocrx_word' id='word_1_212' title='bbox 734 2037 897 2094; x_wconf 90' lang='lat' dir='ltr'>imperio</span> <span class='ocrx_word' id='word_1_213' title='bbox 935 2037 1167 2092; x_wconf 83' lang='lat' dir='ltr'>tenebatur,</span> <span class='ocrx_word' id='word_1_214' title='bbox 1203 2038 1310 2081; x_wconf 88' lang='lat' dir='ltr'>unde</span> <span class='ocrx_word' id='word_1_215' title='bbox 1347 2042 1594 2098; x_wconf 86' lang='lat' dir='ltr'>perniciosas</span> <span class='ocrx_word' id='word_1_216' title='bbox 1632 2039 1866 2099; x_wconf 88' lang='lat' dir='ltr'>populatio-</span> 
     </span>
     <span class='ocr_line' id='line_1_30' title="bbox 396 2102 1866 2162; baseline 0.005 -19"><span class='ocrx_word' id='word_1_217' title='bbox 396 2116 467 2145; x_wconf 87' lang='lat' dir='ltr'>nes</span> <span class='ocrx_word' id='word_1_218' title='bbox 499 2102 675 2144; x_wconf 84' lang='lat' dir='ltr'>facerent</span> <span class='ocrx_word' id='word_1_219' title='bbox 720 2104 866 2146; x_wconf 79' lang='lat' dir='ltr'>milites</span> <span class='ocrx_word' id='word_1_220' title='bbox 914 2105 1148 2161; x_wconf 88' lang='lat' dir='ltr'>praesidiarii</span> <span class='ocrx_word' id='word_1_221' title='bbox 1170 2104 1223 2162; x_wconf 83' lang='lat'>3),</span> <span class='ocrx_word' id='word_1_222' title='bbox 1263 2108 1314 2148; x_wconf 92' lang='lat' dir='ltr'>ita</span> <span class='ocrx_word' id='word_1_223' title='bbox 1361 2107 1629 2150; x_wconf 88' lang='lat' dir='ltr'>Athenienses</span> <span class='ocrx_word' id='word_1_224' title='bbox 1667 2122 1742 2150; x_wconf 90' lang='lat' dir='ltr'>non</span> <span class='ocrx_word' id='word_1_225' title='bbox 1781 2109 1866 2149; x_wconf 88' lang='lat' dir='ltr'>mi-</span> 
     </span>
     <span class='ocr_line' id='line_1_31' title="bbox 396 2170 1864 2233; baseline 0.004 -22"><span class='ocrx_word' id='word_1_226' title='bbox 396 2183 532 2211; x_wconf 88' lang='lat' dir='ltr'>norem</span> <span class='ocrx_word' id='word_1_227' title='bbox 593 2170 807 2214; x_wconf 86' lang='lat' dir='ltr'>trahebant</span> <span class='ocrx_word' id='word_1_228' title='bbox 867 2170 1089 2214; x_wconf 89' lang='lat' dir='ltr'>molestiam</span> <span class='ocrx_word' id='word_1_229' title='bbox 1137 2187 1188 2214; x_wconf 80' lang='lat' dir='ltr'>ex</span> <span class='ocrx_word' id='word_1_230' title='bbox 1249 2173 1495 2231; x_wconf 86' lang='lat' dir='ltr'>Amphipoli,</span> <span class='ocrx_word' id='word_1_231' title='bbox 1548 2190 1668 2233; x_wconf 90' lang='lat' dir='ltr'>quarn</span> <span class='ocrx_word' id='word_1_232' title='bbox 1722 2173 1864 2217; x_wconf 89' lang='lat' dir='ltr'>urbem</span> 
     </span>
     <span class='ocr_line' id='line_1_32' title="bbox 397 2237 1866 2297; baseline 0.004 -20"><span class='ocrx_word' id='word_1_233' title='bbox 397 2245 635 2279; x_wconf 86' lang='lat' dir='ltr'>mercaturae</span> <span class='ocrx_word' id='word_1_234' title='bbox 704 2237 871 2297; x_wconf 87' lang='lat' dir='ltr'>aliisque</span> <span class='ocrx_word' id='word_1_235' title='bbox 939 2239 1062 2281; x_wconf 88' lang='lat' dir='ltr'>rebus</span> <span class='ocrx_word' id='word_1_236' title='bbox 1121 2243 1526 2297; x_wconf 86' lang='lat' dir='ltr'>opportunissimam,</span> <span class='ocrx_word' id='word_1_237' title='bbox 1586 2250 1866 2284; x_wconf 89' lang='lat' dir='ltr'>ornamentum</span> 
     </span>
     <span class='ocr_line' id='line_1_33' title="bbox 396 2303 1865 2366; baseline 0.004 -21"><span class='ocrx_word' id='word_1_238' title='bbox 396 2303 619 2361; x_wconf 84' lang='lat' dir='ltr'>prudentiae</span> <span class='ocrx_word' id='word_1_239' title='bbox 656 2305 842 2358; x_wconf 90' lang='lat' dir='ltr'>Periclis,</span> <span class='ocrx_word' id='word_1_240' title='bbox 893 2308 959 2363; x_wconf 90' lang='lat' dir='ltr'>qui</span> <span class='ocrx_word' id='word_1_241' title='bbox 998 2320 1085 2348; x_wconf 88' lang='lat' dir='ltr'>eam</span> <span class='ocrx_word' id='word_1_242' title='bbox 1124 2307 1377 2360; x_wconf 86' lang='lat' dir='ltr'>condiderat,</span> <span class='ocrx_word' id='word_1_243' title='bbox 1417 2308 1552 2351; x_wconf 90' lang='lat' dir='ltr'>hostes</span> <span class='ocrx_word' id='word_1_244' title='bbox 1589 2323 1718 2366; x_wconf 90' lang='lat' dir='ltr'>usque</span> <span class='ocrx_word' id='word_1_245' title='bbox 1756 2309 1865 2352; x_wconf 90' lang='lat' dir='ltr'>obti-</span> 
     </span>
     <span class='ocr_line' id='line_1_34' title="bbox 397 2372 1863 2431; baseline 0.004 -19"><span class='ocrx_word' id='word_1_246' title='bbox 397 2380 549 2414; x_wconf 86' lang='lat' dir='ltr'>nerent.</span> <span class='ocrx_word' id='word_1_247' title='bbox 620 2373 722 2414; x_wconf 90' lang='lat' dir='ltr'>Nam</span> <span class='ocrx_word' id='word_1_248' title='bbox 771 2372 939 2425; x_wconf 89' lang='lat' dir='ltr'>bellum,</span> <span class='ocrx_word' id='word_1_249' title='bbox 978 2373 1080 2431; x_wconf 91' lang='lat' dir='ltr'>quod</span> <span class='ocrx_word' id='word_1_250' title='bbox 1122 2389 1195 2416; x_wconf 91' lang='lat' dir='ltr'>non</span> <span class='ocrx_word' id='word_1_251' title='bbox 1235 2375 1360 2416; x_wconf 87' lang='lat' dir='ltr'>multo</span> <span class='ocrx_word' id='word_1_252' title='bbox 1396 2384 1489 2418; x_wconf 86' lang='lat' dir='ltr'>ante</span> <span class='ocrx_word' id='word_1_253' title='bbox 1526 2375 1686 2418; x_wconf 88' lang='lat' dir='ltr'>Melium</span> <span class='ocrx_word' id='word_1_254' title='bbox 1710 2376 1863 2418; x_wconf 87' lang='lat' dir='ltr'>adeam</span> 
     </span>
     <span class='ocr_line' id='line_1_35' title="bbox 397 2439 1617 2499; baseline 0.003 -19"><span class='ocrx_word' id='word_1_255' title='bbox 397 2439 711 2496; x_wconf 87' lang='lat' dir='ltr'>recuperandam</span> <span class='ocrx_word' id='word_1_256' title='bbox 748 2451 1023 2497; x_wconf 81' lang='lat' dir='ltr'>comparatum</span> <span class='ocrx_word' id='word_1_257' title='bbox 1061 2452 1145 2495; x_wconf 86' lang='lat' dir='ltr'>est,</span> <span class='ocrx_word' id='word_1_258' title='bbox 1182 2456 1320 2498; x_wconf 90' lang='lat' dir='ltr'>parum</span> <span class='ocrx_word' id='word_1_259' title='bbox 1361 2442 1617 2499; x_wconf 74' lang='lat' dir='ltr'>processit4).</span> 
     </span>
    </p>

    <p class='ocr_par' dir='ltr' id='par_1_6' title="bbox 400 2507 1869 2635">
     <span class='ocr_line' id='line_1_36' title="bbox 536 2507 1869 2568; baseline 0.002 -19"><span class='ocrx_word' id='word_1_260' title='bbox 536 2508 580 2549; x_wconf 90' lang='lat' dir='ltr'>In</span> <span class='ocrx_word' id='word_1_261' title='bbox 619 2507 693 2549; x_wconf 87' lang='lat' dir='ltr'>hoc</span> <span class='ocrx_word' id='word_1_262' title='bbox 731 2508 813 2550; x_wconf 91' lang='lat' dir='ltr'>loco</span> <span class='ocrx_word' id='word_1_263' title='bbox 852 2508 1014 2550; x_wconf 85' lang='lat' dir='ltr'>suerunt</span> <span class='ocrx_word' id='word_1_264' title='bbox 1061 2523 1123 2551; x_wconf 90' lang='lat' dir='ltr'>res</span> <span class='ocrx_word' id='word_1_265' title='bbox 1160 2511 1370 2567; x_wconf 86' lang='lat' dir='ltr'>utriusque</span> <span class='ocrx_word' id='word_1_266' title='bbox 1406 2512 1537 2566; x_wconf 81' lang='lat' dir='ltr'>gentis</span> <span class='ocrx_word' id='word_1_267' title='bbox 1563 2511 1732 2554; x_wconf 81' lang='lat' dir='ltr'>Graeciae</span> <span class='ocrx_word' id='word_1_268' title='bbox 1751 2511 1869 2568; x_wconf 90' lang='lat' dir='ltr'>prin—</span> 
     </span>
     <span class='ocr_line' id='line_1_37' title="bbox 400 2575 1867 2635; baseline 0.002 -20"><span class='ocrx_word' id='word_1_269' title='bbox 400 2575 518 2631; x_wconf 84' lang='lat' dir='ltr'>cipis,</span> <span class='ocrx_word' id='word_1_270' title='bbox 555 2589 678 2632; x_wconf 90' lang='lat' dir='ltr'>quum</span> <span class='ocrx_word' id='word_1_271' title='bbox 716 2575 879 2634; x_wconf 81' lang='lat' dir='ltr'>profecti</span> <span class='ocrx_word' id='word_1_272' title='bbox 919 2584 1012 2618; x_wconf 89' lang='lat' dir='ltr'>sunt</span> <span class='ocrx_word' id='word_1_273' title='bbox 1051 2577 1314 2619; x_wconf 78' lang='lat' dir='ltr'>Athenienses</span> <span class='ocrx_word' id='word_1_274' title='bbox 1352 2576 1400 2618; x_wconf 89' lang='lat' dir='ltr'>ad</span> <span class='ocrx_word' id='word_1_275' title='bbox 1438 2576 1583 2620; x_wconf 85' lang='lat' dir='ltr'>Melum</span> <span class='ocrx_word' id='word_1_276' title='bbox 1627 2576 1867 2635; x_wconf 88' lang='lat' dir='ltr'>potiendam.</span> 
     </span>
    </p>
   </div>
   <div class='ocr_carea' id='block_1_3' title="bbox 496 2671 1812 2716">
    <p class='ocr_par' dir='ltr' id='par_1_7' title="bbox 496 2671 1812 2716">
     <span class='ocr_line' id='line_1_38' title="bbox 496 2671 1812 2716; baseline -0.011 0"><span class='ocrx_word' id='word_1_277' title='bbox 496 2672 520 2716; x_wconf 88' lang='lat'>²)</span> <span class='ocrx_word' id='word_1_278' title='bbox 546 2674 589 2705; x_wconf 87' lang='lat' dir='ltr'>V·</span> <span class='ocrx_word' id='word_1_279' title='bbox 614 2675 669 2707; x_wconf 85' lang='lat'>81·</span> <span class='ocrx_word' id='word_1_280' title='bbox 807 2672 834 2715; x_wconf 89' lang='lat'>²&gt;</span> <span class='ocrx_word' id='word_1_281' title='bbox 859 2673 924 2705; x_wconf 82' lang='lat' dir='ltr'>Cfr.</span> <span class='ocrx_word' id='word_1_282' title='bbox 951 2673 994 2704; x_wconf 78' lang='lat' dir='ltr'>V·</span> <span class='ocrx_word' id='word_1_283' title='bbox 1020 2671 1073 2705; x_wconf 83' lang='lat'>75.</span> <span class='ocrx_word' id='word_1_284' title='bbox 1211 2671 1239 2715; x_wconf 79' lang='lat'>³)</span> <span class='ocrx_word' id='word_1_285' title='bbox 1264 2674 1328 2706; x_wconf 80' lang='lat' dir='ltr'>crr.</span> <span class='ocrx_word' id='word_1_286' title='bbox 1355 2674 1396 2705; x_wconf 81' lang='lat' dir='ltr'>v.</span> <span class='ocrx_word' id='word_1_287' title='bbox 1425 2674 1498 2705; x_wconf 85' lang='lat'>115.</span> <span class='ocrx_word' id='word_1_288' title='bbox 1635 2673 1663 2716; x_wconf 65' lang='grc'>4)</span> <span class='ocrx_word' id='word_1_289' title='bbox 1688 2674 1733 2706; x_wconf 82' lang='lat' dir='ltr'>v.</span> <span class='ocrx_word' id='word_1_290' title='bbox 1757 2673 1812 2706; x_wconf 81' lang='lat'>83.</span> 
     </span>
    </p>
   </div>
   <div class='ocr_carea' id='block_1_4' title="bbox 410 2652 672 2658">
    <p class='ocr_par' dir='ltr' id='par_1_8' title="bbox 410 2652 672 2658">
     <span class='ocr_line' id='line_1_39' title="bbox 410 2652 672 2658; baseline 0 0"><span class='ocrx_word' id='word_1_291' title='bbox 410 2652 672 2658; x_wconf 95' lang='lat' dir='ltr'> </span> 
     </span>
    </p>
   </div>
  </div>
 </body>
</html>
