<?xml version="1.0" encoding="UTF-8"?>
<!DOCTYPE html PUBLIC "-//W3C//DTD XHTML 1.0 Transitional//EN"
    "http://www.w3.org/TR/xhtml1/DTD/xhtml1-transitional.dtd">
<html xmlns="http://www.w3.org/1999/xhtml" xml:lang="en" lang="en">
 <head>
  <title>
</title>
<meta http-equiv="Content-Type" content="text/html;charset=utf-8" />
  <meta name='ocr-system' content='tesseract 3.04.00' />
  <meta name='ocr-capabilities' content='ocr_page ocr_carea ocr_par ocr_line ocrx_word'/>
</head>
<body>
  <div class='ocr_page' id='page_1' title='image "./colloquiumatheni00thucuoft_0022.png"; bbox 0 0 2014 3101; ppageno 0'>
   <div class='ocr_carea' id='block_1_1' title="bbox 1129 145 1185 188">
    <p class='ocr_par' dir='ltr' id='par_1_1' title="bbox 1129 145 1185 188">
     <span class='ocr_line' id='line_1_1' title="bbox 1129 145 1185 188; baseline 0.018 -1"><span class='ocrx_word' id='word_1_1' title='bbox 1129 145 1185 188; x_wconf 68' lang='lat'>48</span> 
     </span>
    </p>
   </div>
   <div class='ocr_carea' id='block_1_2' title="bbox 424 252 1890 719">
    <p class='ocr_par' dir='ltr' id='par_1_2' title="bbox 424 252 1890 719">
     <span class='ocr_line' id='line_1_2' title="bbox 427 252 1887 314; baseline -0.01 -9"><span class='ocrx_word' id='word_1_2' title='bbox 427 260 528 305; x_wconf 82' lang='lat' dir='ltr'>Ctx.</span> <span class='ocrx_word' id='word_1_3' title='bbox 600 260 691 302; x_wconf 72' lang='lat' dir='ltr'>Atb.</span> <span class='ocrx_word' id='word_1_4' title='bbox 763 260 812 301; x_wconf 83' lang='lat' dir='ltr'>At</span> <span class='ocrx_word' id='word_1_5' title='bbox 864 255 979 299; x_wconf 84' lang='lat' dir='ltr'>firmo</span> <span class='ocrx_word' id='word_1_6' title='bbox 1028 254 1189 314; x_wconf 88' lang='lat' dir='ltr'>quidem</span> <span class='ocrx_word' id='word_1_7' title='bbox 1240 253 1432 313; x_wconf 77' lang='lat' dir='ltr'>praesidio·</span> <span class='ocrx_word' id='word_1_8' title='bbox 1479 254 1548 306; x_wconf 82' lang='lat' dir='ltr'>iis,</span> <span class='ocrx_word' id='word_1_9' title='bbox 1579 252 1646 311; x_wconf 90' lang='lat' dir='ltr'>qui</span> <span class='ocrx_word' id='word_1_10' title='bbox 1683 259 1887 293; x_wconf 86' lang='lat' dir='ltr'>certamen</span> 
     </span>
     <span class='ocr_line' id='line_1_3' title="bbox 427 317 1886 379; baseline -0.008 -9"><span class='ocrx_word' id='word_1_11' title='bbox 427 326 797 375; x_wconf 63' lang='lat' dir='ltr'>communicabunt,</span> <span class='ocrx_word' id='word_1_12' title='bbox 848 339 922 366; x_wconf 90' lang='lat' dir='ltr'>non</span> <span class='ocrx_word' id='word_1_13' title='bbox 973 321 1169 379; x_wconf 81' lang='lat' dir='ltr'>benignus</span> <span class='ocrx_word' id='word_1_14' title='bbox 1203 334 1342 364; x_wconf 86' lang='lat' dir='ltr'>eorum</span> <span class='ocrx_word' id='word_1_15' title='bbox 1377 321 1552 371; x_wconf 86' lang='lat' dir='ltr'>animus,</span> <span class='ocrx_word' id='word_1_16' title='bbox 1589 321 1656 377; x_wconf 91' lang='lat' dir='ltr'>qui</span> <span class='ocrx_word' id='word_1_17' title='bbox 1693 317 1886 360; x_wconf 74' lang='lat' dir='ltr'>auxiiium</span> 
     </span>
     <span class='ocr_line' id='line_1_4' title="bbox 427 384 1887 453; baseline -0.008 -16"><span class='ocrx_word' id='word_1_18' title='bbox 427 397 648 453; x_wconf 69' lang='lat' dir='ltr'>petierunt,</span> <span class='ocrx_word' id='word_1_19' title='bbox 701 390 904 435; x_wconf 88' lang='lat' dir='ltr'>videbitur</span> <span class='ocrx_word' id='word_1_20' title='bbox 954 404 1066 444; x_wconf 81' lang='lat' dir='ltr'>esse,</span> <span class='ocrx_word' id='word_1_21' title='bbox 1100 388 1170 432; x_wconf 89' lang='lat' dir='ltr'>sed</span> <span class='ocrx_word' id='word_1_22' title='bbox 1207 389 1239 430; x_wconf 76' lang='lat' dir='ltr'>si</span> <span class='ocrx_word' id='word_1_23' title='bbox 1275 389 1364 447; x_wconf 84' lang='lat' dir='ltr'>quis</span> <span class='ocrx_word' id='word_1_24' title='bbox 1400 387 1523 428; x_wconf 84' lang='lat' dir='ltr'>armis</span> <span class='ocrx_word' id='word_1_25' title='bbox 1561 388 1737 445; x_wconf 80' lang='lat' dir='ltr'>virisque</span> <span class='ocrx_word' id='word_1_26' title='bbox 1775 384 1887 427; x_wconf 83' lang='lat' dir='ltr'>mul-</span> 
     </span>
     <span class='ocr_line' id='line_1_5' title="bbox 427 453 1889 518; baseline -0.008 -14"><span class='ocrx_word' id='word_1_27' title='bbox 427 473 512 504; x_wconf 85' lang='lat' dir='ltr'>tum</span> <span class='ocrx_word' id='word_1_28' title='bbox 551 469 734 518; x_wconf 76' lang='lat' dir='ltr'>praestet,</span> <span class='ocrx_word' id='word_1_29' title='bbox 774 457 810 501; x_wconf 86' lang='lat' dir='ltr'>id</span> <span class='ocrx_word' id='word_1_30' title='bbox 847 456 952 516; x_wconf 92' lang='lat' dir='ltr'>quod</span> <span class='ocrx_word' id='word_1_31' title='bbox 989 456 1280 500; x_wconf 83' lang='lat' dir='ltr'>Lacedaemonii</span> <span class='ocrx_word' id='word_1_32' title='bbox 1317 456 1443 510; x_wconf 82' lang='lat' dir='ltr'>magis</span> <span class='ocrx_word' id='word_1_33' title='bbox 1478 454 1598 496; x_wconf 83' lang='lat' dir='ltr'>etiam</span> <span class='ocrx_word' id='word_1_34' title='bbox 1625 467 1745 512; x_wconf 89' lang='lat' dir='ltr'>quam</span> <span class='ocrx_word' id='word_1_35' title='bbox 1766 453 1889 495; x_wconf 86' lang='lat' dir='ltr'>ceteri</span> 
     </span>
     <span class='ocr_line' id='line_1_6' title="bbox 425 518 1889 586; baseline -0.008 -15"><span class='ocrx_word' id='word_1_36' title='bbox 425 536 618 586; x_wconf 79' lang='lat' dir='ltr'>spectant.</span> <span class='ocrx_word' id='word_1_37' title='bbox 699 528 882 584; x_wconf 83' lang='lat' dir='ltr'>Namque</span> <span class='ocrx_word' id='word_1_38' title='bbox 919 524 1126 567; x_wconf 78' lang='lat' dir='ltr'>domestici</span> <span class='ocrx_word' id='word_1_39' title='bbox 1165 531 1384 581; x_wconf 85' lang='lat' dir='ltr'>apparatus</span> <span class='ocrx_word' id='word_1_40' title='bbox 1419 518 1638 563; x_wconf 79' lang='lat' dir='ltr'>diffidentia</span> <span class='ocrx_word' id='word_1_41' title='bbox 1656 522 1774 563; x_wconf 85' lang='lat' dir='ltr'>etiam</span> <span class='ocrx_word' id='word_1_42' title='bbox 1795 532 1889 562; x_wconf 82' lang='lat' dir='ltr'>cum</span> 
     </span>
     <span class='ocr_line' id='line_1_7' title="bbox 424 585 1890 647; baseline -0.007 -10"><span class='ocrx_word' id='word_1_43' title='bbox 424 595 563 637; x_wconf 75' lang='lat' dir='ltr'>multis</span> <span class='ocrx_word' id='word_1_44' title='bbox 599 593 648 637; x_wconf 90' lang='lat' dir='ltr'>de</span> <span class='ocrx_word' id='word_1_45' title='bbox 683 596 805 637; x_wconf 87' lang='lat' dir='ltr'>sociis</span> <span class='ocrx_word' id='word_1_46' title='bbox 840 591 1027 635; x_wconf 85' lang='lat' dir='ltr'>finitimos</span> <span class='ocrx_word' id='word_1_47' title='bbox 1053 589 1260 633; x_wconf 89' lang='lat' dir='ltr'>invadunt.</span> <span class='ocrx_word' id='word_1_48' title='bbox 1296 589 1550 647; x_wconf 78' lang='lat' dir='ltr'>Quapropter</span> <span class='ocrx_word' id='word_1_49' title='bbox 1579 602 1655 630; x_wconf 90' lang='lat' dir='ltr'>non</span> <span class='ocrx_word' id='word_1_50' title='bbox 1674 585 1890 630; x_wconf 80' lang='lat' dir='ltr'>verisimile</span> 
     </span>
     <span class='ocr_line' id='line_1_8' title="bbox 424 653 1888 719; baseline -0.005 -15"><span class='ocrx_word' id='word_1_51' title='bbox 424 671 487 704; x_wconf 83' lang='lat' dir='ltr'>est</span> <span class='ocrx_word' id='word_1_52' title='bbox 523 663 560 704; x_wconf 90' lang='lat' dir='ltr'>in</span> <span class='ocrx_word' id='word_1_53' title='bbox 598 662 766 705; x_wconf 81' lang='lat' dir='ltr'>insulam</span> <span class='ocrx_word' id='word_1_54' title='bbox 803 659 966 719; x_wconf 86' lang='lat' dir='ltr'>quidem</span> <span class='ocrx_word' id='word_1_55' title='bbox 1003 672 1071 703; x_wconf 88' lang='lat' dir='ltr'>eos</span> <span class='ocrx_word' id='word_1_56' title='bbox 1105 657 1220 702; x_wconf 90' lang='lat' dir='ltr'>nobis</span> <span class='ocrx_word' id='word_1_57' title='bbox 1257 660 1378 700; x_wconf 88' lang='lat' dir='ltr'>maris</span> <span class='ocrx_word' id='word_1_58' title='bbox 1417 657 1628 714; x_wconf 85' lang='lat' dir='ltr'>imperium</span> <span class='ocrx_word' id='word_1_59' title='bbox 1657 653 1888 698; x_wconf 84' lang='lat' dir='ltr'>tenentibus</span> 
     </span>
    </p>
   </div>
   <div class='ocr_carea' id='block_1_3' title="bbox 423 729 798 786">
    <p class='ocr_par' dir='ltr' id='par_1_3' title="bbox 423 729 798 786">
     <span class='ocr_line' id='line_1_9' title="bbox 423 729 798 786; baseline -0.003 -14"><span class='ocrx_word' id='word_1_60' title='bbox 423 743 513 772; x_wconf 86' lang='lat' dir='ltr'>esse</span> <span class='ocrx_word' id='word_1_61' title='bbox 551 729 798 786; x_wconf 86' lang='lat' dir='ltr'>trajecturos.</span> 
     </span>
    </p>
   </div>
   <div class='ocr_carea' id='block_1_4' title="bbox 1291 789 1298 806">
    <p class='ocr_par' dir='ltr' id='par_1_4' title="bbox 1291 789 1298 806">
     <span class='ocr_line' id='line_1_10' title="bbox 1291 789 1298 806; baseline 0 0"><span class='ocrx_word' id='word_1_62' title='bbox 1291 789 1298 806; x_wconf 89' lang='lat' dir='ltr'><em>l</em></span> 
     </span>
    </p>
   </div>
   <div class='ocr_carea' id='block_1_5' title="bbox 424 855 1890 1465">
    <p class='ocr_par' dir='ltr' id='par_1_5' title="bbox 424 855 1890 1465">
     <span class='ocr_line' id='line_1_11' title="bbox 424 855 1888 923; baseline -0.008 -13"><span class='ocrx_word' id='word_1_63' title='bbox 424 866 504 910; x_wconf 83' lang='lat' dir='ltr'>CX.</span> <span class='ocrx_word' id='word_1_64' title='bbox 576 864 663 908; x_wconf 87' lang='lat' dir='ltr'>Mel.</span> <span class='ocrx_word' id='word_1_65' title='bbox 735 865 854 923; x_wconf 75' lang='lat' dir='ltr'>Atqui</span> <span class='ocrx_word' id='word_1_66' title='bbox 904 865 1024 905; x_wconf 85' lang='lat' dir='ltr'>etiam</span> <span class='ocrx_word' id='word_1_67' title='bbox 1075 862 1195 918; x_wconf 91' lang='lat' dir='ltr'>alios,</span> <span class='ocrx_word' id='word_1_68' title='bbox 1244 875 1345 922; x_wconf 86' lang='lat' dir='ltr'>quos</span> <span class='ocrx_word' id='word_1_69' title='bbox 1398 858 1576 914; x_wconf 79' lang='lat' dir='ltr'>mittant,</span> <span class='ocrx_word' id='word_1_70' title='bbox 1626 872 1694 901; x_wconf 83' lang='lat' dir='ltr'>eos</span> <span class='ocrx_word' id='word_1_71' title='bbox 1740 855 1888 901; x_wconf 82' lang='lat' dir='ltr'>habere</span> 
     </span>
     <span class='ocr_line' id='line_1_12' title="bbox 424 927 1888 983; baseline -0.009 -5"><span class='ocrx_word' id='word_1_72' title='bbox 424 935 716 978; x_wconf 76' lang='lat' dir='ltr'><strong>concesseritis.</strong></span> <span class='ocrx_word' id='word_1_73' title='bbox 788 933 930 975; x_wconf 83' lang='lat' dir='ltr'>Latum</span> <span class='ocrx_word' id='word_1_74' title='bbox 983 939 1118 973; x_wconf 90' lang='lat' dir='ltr'>autem</span> <span class='ocrx_word' id='word_1_75' title='bbox 1170 940 1233 973; x_wconf 80' lang='lat' dir='ltr'>est</span> <span class='ocrx_word' id='word_1_76' title='bbox 1282 943 1390 972; x_wconf 85' lang='lat' dir='ltr'>mare</span> <span class='ocrx_word' id='word_1_77' title='bbox 1443 927 1667 982; x_wconf 86' lang='lat' dir='ltr'>Creticum,</span> <span class='ocrx_word' id='word_1_78' title='bbox 1721 927 1758 968; x_wconf 92' lang='lat' dir='ltr'>in</span> <span class='ocrx_word' id='word_1_79' title='bbox 1808 938 1888 983; x_wconf 89' lang='lat' dir='ltr'>quo</span> 
     </span>
     <span class='ocr_line' id='line_1_13' title="bbox 424 992 1890 1056; baseline -0.008 -11"><span class='ocrx_word' id='word_1_80' title='bbox 424 1001 552 1045; x_wconf 83' lang='lat' dir='ltr'>classe</span> <span class='ocrx_word' id='word_1_81' title='bbox 590 999 819 1044; x_wconf 79' lang='lat' dir='ltr'>valentibus</span> <span class='ocrx_word' id='word_1_82' title='bbox 857 998 982 1056; x_wconf 83' lang='lat' dir='ltr'>major</span> <span class='ocrx_word' id='word_1_83' title='bbox 1017 1008 1079 1040; x_wconf 85' lang='lat' dir='ltr'>est</span> <span class='ocrx_word' id='word_1_84' title='bbox 1115 996 1328 1041; x_wconf 86' lang='lat' dir='ltr'>difficultas</span> <span class='ocrx_word' id='word_1_85' title='bbox 1364 1010 1452 1050; x_wconf 72' lang='lat' dir='ltr'>e05,</span> <span class='ocrx_word' id='word_1_86' title='bbox 1487 999 1554 1054; x_wconf 89' lang='lat' dir='ltr'>qui</span> <span class='ocrx_word' id='word_1_87' title='bbox 1594 995 1717 1038; x_wconf 80' lang='lat' dir='ltr'>latere</span> <span class='ocrx_word' id='word_1_88' title='bbox 1750 992 1890 1036; x_wconf 81' lang='lat' dir='ltr'>volunt</span> 
     </span>
     <span class='ocr_line' id='line_1_14' title="bbox 424 1059 1889 1127; baseline -0.006 -15"><span class='ocrx_word' id='word_1_89' title='bbox 424 1067 810 1127; x_wconf 84' lang='lat' dir='ltr'>comprehendendi,</span> <span class='ocrx_word' id='word_1_90' title='bbox 853 1082 975 1126; x_wconf 88' lang='lat' dir='ltr'>quam</span> <span class='ocrx_word' id='word_1_91' title='bbox 1023 1066 1082 1109; x_wconf 87' lang='lat' dir='ltr'>bis</span> <span class='ocrx_word' id='word_1_92' title='bbox 1125 1066 1244 1109; x_wconf 85' lang='lat' dir='ltr'>saluti</span> <span class='ocrx_word' id='word_1_93' title='bbox 1294 1079 1380 1107; x_wconf 81' lang='lat' dir='ltr'>suae</span> <span class='ocrx_word' id='word_1_94' title='bbox 1411 1062 1651 1106; x_wconf 74' lang='lat' dir='ltr'>consulendi.</span> <span class='ocrx_word' id='word_1_95' title='bbox 1704 1059 1819 1114; x_wconf 89' lang='lat' dir='ltr'>Quod</span> <span class='ocrx_word' id='word_1_96' title='bbox 1856 1062 1889 1103; x_wconf 88' lang='lat' dir='ltr'>si</span> 
     </span>
     <span class='ocr_line' id='line_1_15' title="bbox 424 1129 1888 1190; baseline -0.006 -11"><span class='ocrx_word' id='word_1_97' title='bbox 424 1139 460 1180; x_wconf 89' lang='lat' dir='ltr'>in</span> <span class='ocrx_word' id='word_1_98' title='bbox 488 1137 562 1179; x_wconf 85' lang='lat' dir='ltr'>hoo</span> <span class='ocrx_word' id='word_1_99' title='bbox 597 1135 821 1189; x_wconf 83' lang='lat' dir='ltr'>offendant,</span> <span class='ocrx_word' id='word_1_100' title='bbox 858 1145 898 1178; x_wconf 79' lang='lat' dir='ltr'>et</span> <span class='ocrx_word' id='word_1_101' title='bbox 934 1136 970 1177; x_wconf 94' lang='lat' dir='ltr'>in</span> <span class='ocrx_word' id='word_1_102' title='bbox 1008 1148 1150 1190; x_wconf 80' lang='lat' dir='ltr'>agrum</span> <span class='ocrx_word' id='word_1_103' title='bbox 1189 1143 1371 1176; x_wconf 85' lang='lat' dir='ltr'>vestrum</span> <span class='ocrx_word' id='word_1_104' title='bbox 1406 1140 1447 1175; x_wconf 82' lang='lat' dir='ltr'>et</span> <span class='ocrx_word' id='word_1_105' title='bbox 1480 1132 1678 1174; x_wconf 77' lang='lat' dir='ltr'>adversus</span> <span class='ocrx_word' id='word_1_106' title='bbox 1717 1129 1888 1188; x_wconf 76' lang='lat' dir='ltr'>reliquos</span> 
     </span>
     <span class='ocr_line' id='line_1_16' title="bbox 424 1199 1889 1262; baseline -0.007 -15"><span class='ocrx_word' id='word_1_107' title='bbox 424 1207 578 1257; x_wconf 87' lang='lat' dir='ltr'>socios,</span> <span class='ocrx_word' id='word_1_108' title='bbox 615 1218 714 1262; x_wconf 85' lang='lat' dir='ltr'>quos</span> <span class='ocrx_word' id='word_1_109' title='bbox 749 1201 909 1262; x_wconf 80' lang='lat' dir='ltr'>quidem</span> <span class='ocrx_word' id='word_1_110' title='bbox 947 1200 1135 1246; x_wconf 86' lang='lat' dir='ltr'>Brasidas</span> <span class='ocrx_word' id='word_1_111' title='bbox 1171 1216 1247 1244; x_wconf 90' lang='lat' dir='ltr'>non</span> <span class='ocrx_word' id='word_1_112' title='bbox 1268 1199 1498 1253; x_wconf 79' lang='lat' dir='ltr'>adierit‚se</span> <span class='ocrx_word' id='word_1_113' title='bbox 1527 1212 1595 1241; x_wconf 89' lang='lat' dir='ltr'>eos</span> <span class='ocrx_word' id='word_1_114' title='bbox 1623 1209 1889 1240; x_wconf 86' lang='lat' dir='ltr'>conversuros</span> 
     </span>
     <span class='ocr_line' id='line_1_17' title="bbox 424 1264 1888 1329; baseline -0.007 -14"><span class='ocrx_word' id='word_1_115' title='bbox 424 1271 726 1315; x_wconf 79' lang='lat' dir='ltr'>crediderimus.</span> <span class='ocrx_word' id='word_1_116' title='bbox 798 1272 937 1329; x_wconf 78' lang='lat' dir='ltr'>Neque</span> <span class='ocrx_word' id='word_1_117' title='bbox 975 1269 1025 1312; x_wconf 87' lang='lat' dir='ltr'>de</span> <span class='ocrx_word' id='word_1_118' title='bbox 1062 1279 1188 1323; x_wconf 87' lang='lat' dir='ltr'>terra,</span> <span class='ocrx_word' id='word_1_119' title='bbox 1225 1281 1480 1327; x_wconf 79' lang='lat' dir='ltr'>quaecunque</span> <span class='ocrx_word' id='word_1_120' title='bbox 1515 1264 1738 1322; x_wconf 84' lang='lat' dir='ltr'>est‚aliena</span> <span class='ocrx_word' id='word_1_121' title='bbox 1756 1266 1888 1323; x_wconf 87' lang='lat' dir='ltr'>potius</span> 
     </span>
     <span class='ocr_line' id='line_1_18' title="bbox 424 1326 1885 1399; baseline -0.005 -17"><span class='ocrx_word' id='word_1_122' title='bbox 424 1355 544 1399; x_wconf 85' lang='lat' dir='ltr'>quam</span> <span class='ocrx_word' id='word_1_123' title='bbox 597 1339 646 1382; x_wconf 81' lang='lat' dir='ltr'>de</span> <span class='ocrx_word' id='word_1_124' title='bbox 704 1338 828 1382; x_wconf 86' lang='lat' dir='ltr'>multo</span> <span class='ocrx_word' id='word_1_125' title='bbox 866 1340 1046 1396; x_wconf 84' lang='lat' dir='ltr'>propiore</span> <span class='ocrx_word' id='word_1_126' title='bbox 1104 1331 1323 1399; x_wconf 86' lang='lat' dir='ltr'>[sociorum</span> <span class='ocrx_word' id='word_1_127' title='bbox 1362 1346 1484 1394; x_wconf 80' lang='lat' dir='ltr'>atque</span> <span class='ocrx_word' id='word_1_128' title='bbox 1513 1342 1645 1377; x_wconf 82' lang='lat' dir='ltr'>vestra</span> <span class='ocrx_word' id='word_1_129' title='bbox 1684 1326 1885 1393; x_wconf 86' lang='lat' dir='ltr'>ipsorum]</span> 
     </span>
     <span class='ocr_line' id='line_1_19' title="bbox 424 1404 1080 1465; baseline -0.006 -14"><span class='ocrx_word' id='word_1_130' title='bbox 424 1407 534 1451; x_wconf 86' lang='lat' dir='ltr'>labor</span> <span class='ocrx_word' id='word_1_131' title='bbox 573 1406 688 1450; x_wconf 84' lang='lat' dir='ltr'>vobis</span> <span class='ocrx_word' id='word_1_132' title='bbox 722 1404 1080 1465; x_wconf 55' lang='lat' dir='ltr'>eritgsubeundus.</span> 
     </span>
    </p>
   </div>
   <div class='ocr_carea' id='block_1_6' title="bbox 419 1534 1887 2747">
    <p class='ocr_par' dir='ltr' id='par_1_6' title="bbox 419 1534 1887 2747">
     <span class='ocr_line' id='line_1_20' title="bbox 423 1534 1887 1599; baseline -0.007 -12"><span class='ocrx_word' id='word_1_133' title='bbox 423 1543 524 1587; x_wconf 84' lang='lat' dir='ltr'>CXI.</span> <span class='ocrx_word' id='word_1_134' title='bbox 595 1542 686 1584; x_wconf 83' lang='lat' dir='ltr'>Ath.</span> <span class='ocrx_word' id='word_1_135' title='bbox 759 1540 909 1584; x_wconf 87' lang='lat' dir='ltr'>Horum</span> <span class='ocrx_word' id='word_1_136' title='bbox 975 1540 1136 1599; x_wconf 90' lang='lat' dir='ltr'>quidem</span> <span class='ocrx_word' id='word_1_137' title='bbox 1209 1536 1548 1597; x_wconf 82' lang='lat' dir='ltr'>quemadmodum</span> <span class='ocrx_word' id='word_1_138' title='bbox 1610 1534 1702 1594; x_wconf 93' lang='lat' dir='ltr'>quid</span> <span class='ocrx_word' id='word_1_139' title='bbox 1764 1537 1887 1594; x_wconf 82' lang='lat' dir='ltr'>possit</span> 
     </span>
     <span class='ocr_line' id='line_1_21' title="bbox 424 1605 1886 1662; baseline -0.005 -9"><span class='ocrx_word' id='word_1_140' title='bbox 424 1610 608 1653; x_wconf 85' lang='lat' dir='ltr'>accidere</span> <span class='ocrx_word' id='word_1_141' title='bbox 645 1620 683 1651; x_wconf 90' lang='lat' dir='ltr'>et</span> <span class='ocrx_word' id='word_1_142' title='bbox 720 1623 768 1650; x_wconf 82' lang='lat' dir='ltr'>ex</span> <span class='ocrx_word' id='word_1_143' title='bbox 809 1610 995 1651; x_wconf 87' lang='lat' dir='ltr'>memoria</span> <span class='ocrx_word' id='word_1_144' title='bbox 1035 1621 1168 1649; x_wconf 77' lang='lat' dir='ltr'>rerum</span> <span class='ocrx_word' id='word_1_145' title='bbox 1205 1608 1408 1662; x_wconf 77' lang='lat' dir='ltr'>cognitum</span> <span class='ocrx_word' id='word_1_146' title='bbox 1445 1605 1601 1647; x_wconf 84' lang='lat' dir='ltr'>habetis</span> <span class='ocrx_word' id='word_1_147' title='bbox 1638 1617 1709 1646; x_wconf 86' lang='lat' dir='ltr'>vos</span> <span class='ocrx_word' id='word_1_148' title='bbox 1726 1617 1886 1662; x_wconf 90' lang='lat' dir='ltr'>quoque</span> 
     </span>
     <span class='ocr_line' id='line_1_22' title="bbox 425 1670 1885 1736; baseline -0.005 -16"><span class='ocrx_word' id='word_1_149' title='bbox 425 1692 553 1736; x_wconf 88' lang='lat' dir='ltr'>neque</span> <span class='ocrx_word' id='word_1_150' title='bbox 613 1678 824 1734; x_wconf 80' lang='lat' dir='ltr'>ignoratis,</span> <span class='ocrx_word' id='word_1_151' title='bbox 883 1689 930 1716; x_wconf 90' lang='lat' dir='ltr'>ne</span> <span class='ocrx_word' id='word_1_152' title='bbox 988 1674 1039 1718; x_wconf 78' lang='lat' dir='ltr'>ab</span> <span class='ocrx_word' id='word_1_153' title='bbox 1098 1689 1174 1717; x_wconf 91' lang='lat' dir='ltr'>una</span> <span class='ocrx_word' id='word_1_154' title='bbox 1233 1672 1393 1732; x_wconf 82' lang='lat' dir='ltr'>quidem</span> <span class='ocrx_word' id='word_1_155' title='bbox 1447 1686 1636 1730; x_wconf 86' lang='lat' dir='ltr'>umquam</span> <span class='ocrx_word' id='word_1_156' title='bbox 1681 1670 1885 1713; x_wconf 87' lang='lat' dir='ltr'>obsidione</span> 
     </span>
     <span class='ocr_line' id='line_1_23' title="bbox 422 1738 1886 1804; baseline -0.005 -17"><span class='ocrx_word' id='word_1_157' title='bbox 422 1754 586 1804; x_wconf 86' lang='lat' dir='ltr'>propter</span> <span class='ocrx_word' id='word_1_158' title='bbox 651 1752 800 1786; x_wconf 89' lang='lat' dir='ltr'>metum</span> <span class='ocrx_word' id='word_1_159' title='bbox 855 1742 1019 1785; x_wconf 89' lang='lat' dir='ltr'>aliorum</span> <span class='ocrx_word' id='word_1_160' title='bbox 1073 1741 1338 1786; x_wconf 77' lang='lat' dir='ltr'>Athenienses</span> <span class='ocrx_word' id='word_1_161' title='bbox 1392 1743 1618 1783; x_wconf 80' lang='lat' dir='ltr'>recessisse.</span> <span class='ocrx_word' id='word_1_162' title='bbox 1691 1738 1733 1781; x_wconf 94' lang='lat' dir='ltr'>ld</span> <span class='ocrx_word' id='word_1_163' title='bbox 1791 1753 1886 1780; x_wconf 74' lang='lat' dir='ltr'>vero</span> 
     </span>
     <span class='ocr_line' id='line_1_24' title="bbox 420 1805 1885 1869; baseline -0.005 -14"><span class='ocrx_word' id='word_1_164' title='bbox 420 1827 512 1856; x_wconf 79' lang='lat' dir='ltr'>cum</span> <span class='ocrx_word' id='word_1_165' title='bbox 564 1814 693 1855; x_wconf 89' lang='lat' dir='ltr'>animo</span> <span class='ocrx_word' id='word_1_166' title='bbox 753 1819 1004 1869; x_wconf 78' lang='lat' dir='ltr'>reputamus,</span> <span class='ocrx_word' id='word_1_167' title='bbox 1063 1824 1152 1865; x_wconf 87' lang='lat' dir='ltr'>vos,</span> <span class='ocrx_word' id='word_1_168' title='bbox 1188 1810 1255 1868; x_wconf 88' lang='lat' dir='ltr'>qui</span> <span class='ocrx_word' id='word_1_169' title='bbox 1314 1807 1609 1851; x_wconf 83' lang='lat' dir='ltr'>affirmaveritis</span> <span class='ocrx_word' id='word_1_170' title='bbox 1661 1805 1712 1849; x_wconf 88' lang='lat' dir='ltr'>de</span> <span class='ocrx_word' id='word_1_171' title='bbox 1754 1805 1885 1848; x_wconf 82' lang='lat' dir='ltr'>salute</span> 
     </span>
     <span class='ocr_line' id='line_1_25' title="bbox 422 1874 1885 1934; baseline -0.005 -12"><span class='ocrx_word' id='word_1_172' title='bbox 422 1880 735 1933; x_wconf 74' lang='lat' dir='ltr'>deliberaturos,</span> <span class='ocrx_word' id='word_1_173' title='bbox 772 1878 865 1921; x_wconf 79' lang='lat' dir='ltr'>nihil</span> <span class='ocrx_word' id='word_1_174' title='bbox 915 1879 951 1919; x_wconf 88' lang='lat' dir='ltr'>in</span> <span class='ocrx_word' id='word_1_175' title='bbox 990 1887 1099 1920; x_wconf 86' lang='lat' dir='ltr'>tanto</span> <span class='ocrx_word' id='word_1_176' title='bbox 1142 1890 1326 1920; x_wconf 81' lang='lat' dir='ltr'>sermone</span> <span class='ocrx_word' id='word_1_177' title='bbox 1370 1875 1543 1928; x_wconf 81' lang='lat' dir='ltr'>dixisse,</span> <span class='ocrx_word' id='word_1_178' title='bbox 1588 1890 1667 1934; x_wconf 91' lang='lat' dir='ltr'>quo</span> <span class='ocrx_word' id='word_1_179' title='bbox 1705 1874 1885 1917; x_wconf 87' lang='lat' dir='ltr'>homines</span> 
     </span>
     <span class='ocr_line' id='line_1_26' title="bbox 422 1941 1883 1997; baseline -0.003 -8"><span class='ocrx_word' id='word_1_180' title='bbox 422 1946 557 1991; x_wconf 64' lang='lat' dir='ltr'>confisi</span> <span class='ocrx_word' id='word_1_181' title='bbox 593 1961 636 1990; x_wconf 78' lang='lat' dir='ltr'>se</span> <span class='ocrx_word' id='word_1_182' title='bbox 669 1946 963 1990; x_wconf 80' lang='lat' dir='ltr'>arbitrarentur</span> <span class='ocrx_word' id='word_1_183' title='bbox 1003 1944 1158 1988; x_wconf 77' lang='lat' dir='ltr'>futuros</span> <span class='ocrx_word' id='word_1_184' title='bbox 1203 1958 1292 1987; x_wconf 77' lang='lat' dir='ltr'>esse</span> <span class='ocrx_word' id='word_1_185' title='bbox 1334 1943 1490 1997; x_wconf 77' lang='lat' dir='ltr'>salvos,</span> <span class='ocrx_word' id='word_1_186' title='bbox 1528 1952 1564 1985; x_wconf 89' lang='lat' dir='ltr'>et</span> <span class='ocrx_word' id='word_1_187' title='bbox 1606 1951 1739 1986; x_wconf 80' lang='lat' dir='ltr'>vestra</span> <span class='ocrx_word' id='word_1_188' title='bbox 1778 1941 1883 1984; x_wconf 90' lang='lat' dir='ltr'>sub-</span> 
     </span>
     <span class='ocr_line' id='line_1_27' title="bbox 421 2007 1887 2074; baseline -0.005 -17"><span class='ocrx_word' id='word_1_189' title='bbox 421 2015 544 2069; x_wconf 84' lang='lat' dir='ltr'>sidia,</span> <span class='ocrx_word' id='word_1_190' title='bbox 579 2029 669 2074; x_wconf 85' lang='lat' dir='ltr'>quae</span> <span class='ocrx_word' id='word_1_191' title='bbox 707 2016 742 2056; x_wconf 88' lang='lat' dir='ltr'>in</span> <span class='ocrx_word' id='word_1_192' title='bbox 781 2027 851 2072; x_wconf 86' lang='lat' dir='ltr'>spe</span> <span class='ocrx_word' id='word_1_193' title='bbox 898 2010 1138 2069; x_wconf 73' lang='lat' dir='ltr'>habeamur,</span> <span class='ocrx_word' id='word_1_194' title='bbox 1195 2012 1422 2055; x_wconf 73' lang='lat' dir='ltr'>firmissima</span> <span class='ocrx_word' id='word_1_195' title='bbox 1470 2025 1560 2054; x_wconf 77' lang='lat' dir='ltr'>esse</span> <span class='ocrx_word' id='word_1_196' title='bbox 1605 2010 1665 2054; x_wconf 81' lang='lat' dir='ltr'>illa</span> <span class='ocrx_word' id='word_1_197' title='bbox 1703 2007 1887 2068; x_wconf 82' lang='lat' dir='ltr'>quidem,</span> 
     </span>
     <span class='ocr_line' id='line_1_28' title="bbox 422 2075 1883 2140; baseline -0.005 -14"><span class='ocrx_word' id='word_1_198' title='bbox 422 2083 491 2126; x_wconf 77' lang='lat' dir='ltr'>sed</span> <span class='ocrx_word' id='word_1_199' title='bbox 531 2085 566 2126; x_wconf 91' lang='lat' dir='ltr'>in</span> <span class='ocrx_word' id='word_1_200' title='bbox 607 2081 740 2125; x_wconf 79' lang='lat' dir='ltr'>futuro</span> <span class='ocrx_word' id='word_1_201' title='bbox 785 2091 964 2140; x_wconf 79' lang='lat' dir='ltr'>tempore</span> <span class='ocrx_word' id='word_1_202' title='bbox 1009 2082 1103 2136; x_wconf 86' lang='lat' dir='ltr'>sita,</span> <span class='ocrx_word' id='word_1_203' title='bbox 1140 2095 1231 2140; x_wconf 87' lang='lat' dir='ltr'>quae</span> <span class='ocrx_word' id='word_1_204' title='bbox 1269 2094 1310 2121; x_wconf 83' lang='lat' dir='ltr'>re</span> <span class='ocrx_word' id='word_1_205' title='bbox 1346 2078 1498 2135; x_wconf 81' lang='lat' dir='ltr'>adsint,</span> <span class='ocrx_word' id='word_1_206' title='bbox 1532 2092 1578 2122; x_wconf 84' lang='lat' dir='ltr'>ea</span> <span class='ocrx_word' id='word_1_207' title='bbox 1617 2080 1795 2121; x_wconf 82' lang='lat' dir='ltr'>tenuiora</span> <span class='ocrx_word' id='word_1_208' title='bbox 1834 2075 1883 2119; x_wconf 87' lang='lat' dir='ltr'>ad</span> 
     </span>
     <span class='ocr_line' id='line_1_29' title="bbox 422 2143 1884 2208; baseline -0.005 -15"><span class='ocrx_word' id='word_1_209' title='bbox 422 2150 544 2193; x_wconf 82' lang='lat' dir='ltr'>altera</span> <span class='ocrx_word' id='word_1_210' title='bbox 602 2151 682 2207; x_wconf 87' lang='lat' dir='ltr'>jam</span> <span class='ocrx_word' id='word_1_211' title='bbox 749 2152 950 2208; x_wconf 87' lang='lat' dir='ltr'>opposita,</span> <span class='ocrx_word' id='word_1_212' title='bbox 1017 2163 1136 2207; x_wconf 82' lang='lat' dir='ltr'>quarn</span> <span class='ocrx_word' id='word_1_213' title='bbox 1197 2157 1241 2192; x_wconf 87' lang='lat' dir='ltr'>ut</span> <span class='ocrx_word' id='word_1_214' title='bbox 1299 2147 1348 2190; x_wconf 90' lang='lat' dir='ltr'>ad</span> <span class='ocrx_word' id='word_1_215' title='bbox 1411 2148 1614 2190; x_wconf 82' lang='lat' dir='ltr'>victoriam</span> <span class='ocrx_word' id='word_1_216' title='bbox 1673 2143 1884 2189; x_wconf 79' lang='lat' dir='ltr'>sufficiant.</span> 
     </span>
     <span class='ocr_line' id='line_1_30' title="bbox 420 2213 1884 2276; baseline -0.005 -15"><span class='ocrx_word' id='word_1_217' title='bbox 420 2219 684 2276; x_wconf 74' lang='lat' dir='ltr'>Magnamque</span> <span class='ocrx_word' id='word_1_218' title='bbox 736 2219 1002 2260; x_wconf 80' lang='lat' dir='ltr'>temeritatem</span> <span class='ocrx_word' id='word_1_219' title='bbox 1049 2227 1087 2258; x_wconf 77' lang='lat' dir='ltr'>et</span> <span class='ocrx_word' id='word_1_220' title='bbox 1137 2216 1350 2259; x_wconf 82' lang='lat' dir='ltr'>amentiam</span> <span class='ocrx_word' id='word_1_221' title='bbox 1405 2215 1626 2274; x_wconf 75' lang='lat' dir='ltr'>praei‘ertis,</span> <span class='ocrx_word' id='word_1_222' title='bbox 1662 2215 1734 2256; x_wconf 85' lang='lat' dir='ltr'>nisi</span> <span class='ocrx_word' id='word_1_223' title='bbox 1771 2213 1884 2255; x_wconf 84' lang='lat' dir='ltr'>nobis</span> 
     </span>
     <span class='ocr_line' id='line_1_31' title="bbox 421 2281 1883 2342; baseline -0.005 -14"><span class='ocrx_word' id='word_1_224' title='bbox 421 2287 586 2329; x_wconf 82' lang='lat' dir='ltr'>semotis</span> <span class='ocrx_word' id='word_1_225' title='bbox 618 2285 700 2342; x_wconf 88' lang='lat' dir='ltr'>jam</span> <span class='ocrx_word' id='word_1_226' title='bbox 739 2284 843 2327; x_wconf 85' lang='lat' dir='ltr'>aliud</span> <span class='ocrx_word' id='word_1_227' title='bbox 881 2281 974 2342; x_wconf 84' lang='lat' dir='ltr'>quid</span> <span class='ocrx_word' id='word_1_228' title='bbox 1013 2283 1120 2327; x_wconf 76' lang='lat' dir='ltr'>bisce</span> <span class='ocrx_word' id='word_1_229' title='bbox 1159 2284 1397 2342; x_wconf 85' lang='lat' dir='ltr'>prudentius</span> <span class='ocrx_word' id='word_1_230' title='bbox 1433 2282 1672 2325; x_wconf 83' lang='lat' dir='ltr'>decernetis.</span> <span class='ocrx_word' id='word_1_231' title='bbox 1743 2281 1883 2338; x_wconf 78' lang='lat' dir='ltr'>Neque</span> 
     </span>
     <span class='ocr_line' id='line_1_32' title="bbox 420 2351 1882 2409; baseline -0.005 -14"><span class='ocrx_word' id='word_1_232' title='bbox 420 2356 526 2396; x_wconf 87' lang='lat' dir='ltr'>enim</span> <span class='ocrx_word' id='word_1_233' title='bbox 577 2361 687 2395; x_wconf 83' lang='lat' dir='ltr'>certe</span> <span class='ocrx_word' id='word_1_234' title='bbox 740 2351 788 2393; x_wconf 91' lang='lat' dir='ltr'>ad</span> <span class='ocrx_word' id='word_1_235' title='bbox 842 2351 949 2394; x_wconf 79' lang='lat' dir='ltr'>iilum</span> <span class='ocrx_word' id='word_1_236' title='bbox 1007 2351 1168 2409; x_wconf 87' lang='lat' dir='ltr'>quidem</span> <span class='ocrx_word' id='word_1_237' title='bbox 1225 2353 1259 2393; x_wconf 89' lang='lat' dir='ltr'>in</span> <span class='ocrx_word' id='word_1_238' title='bbox 1317 2351 1587 2407; x_wconf 79' lang='lat' dir='ltr'>ignominiosis</span> <span class='ocrx_word' id='word_1_239' title='bbox 1633 2359 1754 2407; x_wconf 83' lang='lat' dir='ltr'>atque</span> <span class='ocrx_word' id='word_1_240' title='bbox 1790 2356 1882 2390; x_wconf 88' lang='lat' dir='ltr'>ante</span> 
     </span>
     <span class='ocr_line' id='line_1_33' title="bbox 420 2415 1881 2479; baseline -0.004 -16"><span class='ocrx_word' id='word_1_241' title='bbox 420 2420 553 2464; x_wconf 85' lang='lat' dir='ltr'>oculos</span> <span class='ocrx_word' id='word_1_242' title='bbox 597 2422 735 2479; x_wconf 87' lang='lat' dir='ltr'>positis</span> <span class='ocrx_word' id='word_1_243' title='bbox 781 2417 964 2477; x_wconf 84' lang='lat' dir='ltr'>periculis</span> <span class='ocrx_word' id='word_1_244' title='bbox 1011 2420 1390 2476; x_wconf 85' lang='lat' dir='ltr'>perniciosissimum</span> <span class='ocrx_word' id='word_1_245' title='bbox 1428 2416 1652 2463; x_wconf 81' lang='lat' dir='ltr'>hominibus</span> <span class='ocrx_word' id='word_1_246' title='bbox 1688 2415 1881 2475; x_wconf 84' lang='lat' dir='ltr'>pudorem</span> 
     </span>
     <span class='ocr_line' id='line_1_34' title="bbox 420 2486 1879 2544; baseline -0.004 -14"><span class='ocrx_word' id='word_1_247' title='bbox 420 2504 493 2532; x_wconf 86' lang='lat' dir='ltr'>vos</span> <span class='ocrx_word' id='word_1_248' title='bbox 540 2489 795 2530; x_wconf 83' lang='lat' dir='ltr'>convertetis.</span> <span class='ocrx_word' id='word_1_249' title='bbox 867 2486 1002 2530; x_wconf 86' lang='lat' dir='ltr'>Multis</span> <span class='ocrx_word' id='word_1_250' title='bbox 1051 2489 1154 2530; x_wconf 87' lang='lat' dir='ltr'>enim</span> <span class='ocrx_word' id='word_1_251' title='bbox 1208 2501 1298 2530; x_wconf 88' lang='lat' dir='ltr'>cum</span> <span class='ocrx_word' id='word_1_252' title='bbox 1339 2486 1610 2544; x_wconf 67' lang='lat' dir='ltr'>praeviderent</span> <span class='ocrx_word' id='word_1_253' title='bbox 1647 2487 1879 2534; x_wconf 80' lang='lat' dir='ltr'>etiamtum,</span> 
     </span>
     <span class='ocr_line' id='line_1_35' title="bbox 419 2552 1883 2616; baseline -0.004 -16"><span class='ocrx_word' id='word_1_254' title='bbox 419 2571 497 2616; x_wconf 85' lang='lat' dir='ltr'>quo</span> <span class='ocrx_word' id='word_1_255' title='bbox 546 2566 782 2612; x_wconf 77' lang='lat' dir='ltr'>agerentur,</span> <span class='ocrx_word' id='word_1_256' title='bbox 845 2553 901 2606; x_wconf 91' lang='lat' dir='ltr'>id,</span> <span class='ocrx_word' id='word_1_257' title='bbox 953 2554 1057 2613; x_wconf 86' lang='lat' dir='ltr'>quod</span> <span class='ocrx_word' id='word_1_258' title='bbox 1125 2554 1354 2610; x_wconf 85' lang='lat' dir='ltr'>pudendum</span> <span class='ocrx_word' id='word_1_259' title='bbox 1407 2554 1572 2598; x_wconf 88' lang='lat' dir='ltr'>dicitur.</span> <span class='ocrx_word' id='word_1_260' title='bbox 1625 2553 1663 2595; x_wconf 88' lang='lat' dir='ltr'>vi</span> <span class='ocrx_word' id='word_1_261' title='bbox 1715 2552 1883 2594; x_wconf 83' lang='lat' dir='ltr'>nominis</span> 
     </span>
     <span class='ocr_line' id='line_1_36' title="bbox 420 2620 1878 2675; baseline -0.003 -9"><span class='ocrx_word' id='word_1_262' title='bbox 420 2627 573 2667; x_wconf 86' lang='lat' dir='ltr'>animos</span> <span class='ocrx_word' id='word_1_263' title='bbox 610 2622 818 2666; x_wconf 78' lang='lat' dir='ltr'>allicientis</span> <span class='ocrx_word' id='word_1_264' title='bbox 857 2622 929 2664; x_wconf 83' lang='lat' dir='ltr'>fuit</span> <span class='ocrx_word' id='word_1_265' title='bbox 966 2624 1285 2675; x_wconf 82' lang='lat' dir='ltr'>incitamentum,</span> <span class='ocrx_word' id='word_1_266' title='bbox 1330 2632 1375 2665; x_wconf 84' lang='lat' dir='ltr'>ut</span> <span class='ocrx_word' id='word_1_267' title='bbox 1412 2623 1503 2664; x_wconf 84' lang='lat' dir='ltr'>victi</span> <span class='ocrx_word' id='word_1_268' title='bbox 1544 2620 1667 2664; x_wconf 82' lang='lat' dir='ltr'>verbo</span> <span class='ocrx_word' id='word_1_269' title='bbox 1704 2634 1747 2662; x_wconf 89' lang='lat' dir='ltr'>re</span> <span class='ocrx_word' id='word_1_270' title='bbox 1785 2633 1878 2662; x_wconf 79' lang='lat' dir='ltr'>vera</span> 
     </span>
     <span class='ocr_line' id='line_1_37' title="bbox 421 2689 1880 2747; baseline -0.004 -13"><span class='ocrx_word' id='word_1_271' title='bbox 421 2693 456 2734; x_wconf 89' lang='lat' dir='ltr'>in</span> <span class='ocrx_word' id='word_1_272' title='bbox 494 2690 732 2735; x_wconf 80' lang='lat' dir='ltr'>insanabiles</span> <span class='ocrx_word' id='word_1_273' title='bbox 768 2704 838 2733; x_wconf 87' lang='lat' dir='ltr'>sua</span> <span class='ocrx_word' id='word_1_274' title='bbox 877 2699 1017 2747; x_wconf 84' lang='lat' dir='ltr'>sponte</span> <span class='ocrx_word' id='word_1_275' title='bbox 1047 2689 1533 2733; x_wconf 85' lang='lat' dir='ltr'>inciderentcalamitates</span> <span class='ocrx_word' id='word_1_276' title='bbox 1552 2689 1880 2746; x_wconf 81' lang='lat' dir='ltr'>ignominiamque</span> 
     </span>
    </p>
   </div>
  </div>
 </body>
</html>
