2014 3101
1170 137 1194 179 4

590 251 730 309 Neque
776 258 910 292 tamen
941 248 1078 305 Argivi
1112 246 1268 289 hostilia
1317 245 1454 302 utique
1485 241 1683 285 adversus
1723 240 1920 284 Lacedae-
1966 233 1969 237 ’

455 321 606 364 monios
655 317 819 360 induere
867 318 952 358 ausi
997 324 1090 357 sunt
1139 315 1208 356 nisi
1258 322 1350 355 ante
1393 311 1445 353 ab
1490 312 1534 353 iis
1567 311 1750 365 Tegeatis
1795 307 1844 351 ad
1874 323 1918 350 se

456 388 670 431 distractis.
702 384 816 436 Quod
849 398 973 441 quum
1006 397 1080 424 non
1112 382 1337 440 potuissent
1368 388 1408 421 et
1439 393 1530 420 cum
1563 378 1725 419 Boeotis
1755 375 1921 418 feliciter

455 458 612 512 incepta
651 452 853 495 societatis
900 452 1002 492 actio
1051 459 1197 506 praeter
1227 461 1338 505 spem
1371 447 1576 488 evenisset
1606 443 1637 500 1)
1667 453 1788 501 atque
1819 442 1919 485 adeo

455 521 721 565 Athenienses
763 529 845 560 tum
885 517 1044 560 foedere
1081 515 1392 558 Lacedaemoniis
1419 514 1597 569 junctOS,
1633 511 1781 568 quibus
1810 510 1920 552 Boe-

455 591 508 632 oti
557 589 706 644 ignaris
751 586 800 628 ad
845 587 1075 627 societatem
1123 584 1359 625 Laconicam
1409 595 1483 623 non
1515 579 1799 632 accessissent,
1828 591 1920 635 quae

455 666 587 699 tamen
636 657 807 697 societas
854 652 903 694 ab
953 651 1107 693 illorum
1149 649 1313 692 consilio
1351 658 1439 691 erat
1476 654 1682 703 separata,
1715 646 1922 697 timerent,

444 725 622 781 spiritus
667 724 702 763 in
749 735 794 762 eo
838 719 999 778 quidem
1056 728 1233 774 tempore
1279 719 1489 759 remittunt
1527 728 1573 755 ac
1604 711 1921 755 Lacedaemoniis

455 793 565 849 pacis
596 787 842 831 conditiones
875 785 976 828 ultro
1008 786 1140 827 ferunt
1165 782 1211 841 2).
1281 781 1571 826 Lacedaemonii
1603 788 1737 822 autem
1770 778 1921 822 volun-

456 859 525 900 tati
555 869 692 898 eorum
733 868 880 896 morem
915 860 1146 910 gesserunt,
1176 852 1361 909 quoniam
1395 850 1469 891 hoc
1495 849 1575 906 jam
1592 862 1715 902 anno,
1741 861 1820 904 quo
1844 861 1922 904 pax

454 926 579 967 Niciae
609 922 787 965 confecta
822 929 905 972 est,
938 920 1051 960 novis
1091 918 1260 975 Ephoris
1291 918 1539 970 constitutis,
1568 930 1618 957 ex
1650 915 1694 956 iis
1727 915 1922 971 imprimis

455 989 670 1034 Cleobulus
701 996 740 1029 et
770 988 966 1039 Xenares,
1008 988 1074 1043 qui
1108 987 1196 1042 paci
1226 985 1278 1027 illi
1309 982 1650 1036 adversabantur,
1681 995 1782 1024 nova
1814 980 1922 1023 sub-

455 1057 553 1101 sidia
579 1053 891 1098 Atheniensibus
933 1051 1143 1094 resistendi
1181 1050 1416 1110 quaerebant
1443 1049 1488 1105 3).
1562 1052 1748 1092 Attamen
1781 1047 1922 1090 foedus

456 1127 699 1180 Argivorum
755 1131 794 1163 ct
848 1118 1242 1163 Lacaedemoniorum
1298 1117 1346 1159 ad
1403 1118 1560 1159 irritum
1593 1115 1748 1158 cecidit.
1819 1115 1922 1158 Nam

454 1191 622 1234 Athenis
653 1203 811 1247 quoque
841 1189 954 1230 novis
986 1185 1326 1228 intercedentibus
1357 1199 1448 1226 cum
1479 1181 1791 1225 Lacedaemoniis
1819 1197 1922 1225 con-

454 1258 660 1301 troversiis
685 1255 721 1313 4)
767 1264 913 1312 praeter
961 1263 1116 1296 ceteros
1162 1251 1407 1306 Alcibiades,
1455 1252 1521 1309 qui
1569 1248 1922 1307 magnam-impli—

453 1327 650 1368 cationem
697 1337 831 1365 rerum
881 1322 929 1364 ad
985 1336 1104 1363 suum
1154 1335 1273 1362 usum
1311 1322 1411 1362 scite
1437 1316 1648 1370 flectebat,
1678 1325 1762 1359 toto
1792 1317 1922 1359 animo

451 1407 591 1451 pacem
624 1390 759 1433 tollere
790 1389 991 1433 studebat.
1064 1390 1102 1430 Is
1134 1389 1254 1444 igitur
1284 1388 1471 1446 privatim
1503 1385 1551 1427 ad
1583 1384 1753 1441 Argivos
1782 1385 1923 1438 mittit,

453 1469 496 1503 ut
543 1460 616 1517 ipsi
663 1473 753 1500 curn
803 1455 1120 1500 Mantinensibus
1164 1464 1204 1497 et
1247 1455 1353 1497 Eleis
1401 1469 1444 1496 se
1484 1452 1712 1495 conferrent
1742 1451 1923 1494 Athenas

451 1529 767 1583 societatemque
799 1532 993 1583 peterent.
1046 1523 1105 1566 Illi
1144 1538 1239 1564 vero
1270 1521 1336 1564 ubi
1371 1535 1511 1563 verum
1542 1528 1693 1562 statum
1724 1519 1922 1576 conjunc—

451 1596 568 1637 tionis
599 1592 902 1635 Atheniensium
941 1601 980 1633 et
1011 1590 1304 1648 Spartiatarum
1338 1591 1582 1641 resciscunt,
1612 1587 1732 1628 misso
1763 1585 1922 1629 foedere

450 1661 667 1715 Laconico,
720 1660 826 1718 quod
884 1668 975 1702 ante
1023 1660 1279 1716 quaesierant,
1322 1655 1583 1698 libentissime
1615 1662 1827 1696 transeunt
1873 1651 1923 1695 ad

450 1729 728 1772 Athenienses.
800 1730 931 1785 Atque
962 1740 1080 1768 secus
1119 1723 1316 1767 cadebant
1354 1732 1394 1765 et
1433 1721 1823 1766 Lacedaemoniorum
1857 1721 1921 1763 le—

451 1798 633 1853 gationes
673 1795 730 1837 de'
762 1794 1045 1836 controversiis
1090 1790 1372 1850 componendis
1402 1799 1443 1833 et
1473 1791 1598 1833 Niciae
1629 1796 1796 1832 conatus
1825 1797 1921 1831 stu·

452 1864 599 1922 diaque
646 1876 785 1920 pacem
826 1860 982 1915 tuendi,
1027 1860 1195 1902 Athenis
1245 1873 1315 1916 per
1358 1858 1625 1911 Alcibiadem,
1663 1857 1821 1913 Spartae
1851 1869 1922 1913 per

452 1931 652 1973 Xenarem
681 1944 828 1987 eosque
859 1930 926 1987 qui
964 1926 1013 1970 ab
1044 1942 1089 1970 eo
1119 1926 1282 1970 stabant
1309 1925 1352 1983 5).

589 2021 809 2077 Postquam
855 2020 975 2075 igitur
1021 2016 1285 2059 Athenienses
1330 2013 1503 2058 foederis
1546 2015 1659 2072 quasi
1707 1997 1922 2055 ulciscendi

452 2102 595 2143 causa,
642 2085 747 2145 quod
798 2085 1083 2129 Lacedaemonii
1127 2098 1219 2126 cum
1249 2084 1409 2126 Boeotis
1459 2083 1618 2138 privato
1649 2079 1810 2123 consilio
1842 2079 1922 2120 mi-

452 2163 610 2209 serant,
631 2155 703 2211 ipsi
728 2168 820 2196 cum
847 2154 1007 2209 Argivis
1037 2165 1256 2208 eorumque
1286 2151 1402 2192 sociis
1422 2147 1735 2191 Mantinensibus
1749 2156 1790 2188 et
1813 2145 1921 2187 Eleis

455 2222 593 2266 foedus
635 2221 684 2264 ad
732 2230 918 2263 mutuum
967 2219 1114 2262 bellum
1149 2216 1444 2260 defendendum
1476 2223 1781 2273 percusserunt,
1813 2211 1919 2271 quod

453 2290 604 2333 factum
647 2298 709 2331 est
756 2286 990 2330 duodecimo
1023 2285 1110 2329 belli
1142 2300 1262 2339 anno,
1293 2284 1517 2327 simultates
1548 2285 1758 2340 utriusque
1790 2281 1921 2337 gentis

454 2360 574 2400 etiam
614 2357 816 2414 graviores
866 2354 1013 2397 fiebant
1054 2363 1093 2395 et
1125 2355 1160 2394 in
1193 2355 1277 2395 acie
1308 2354 1505 2394 sociorum
1537 2349 1716 2392 collocati
1746 2350 1847 2390 inter
1877 2361 1922 2389 se

453 2424 703 2483 pugnabant,
742 2436 983 2481 quamquam
1019 2422 1250 2464 societatem
1283 2428 1321 2462 et
1354 2419 1566 2461 amicitiam
1587 2432 1661 2459 non
1679 2415 1920 2459 sollemniter

453 2494 745 2535 renuntiarunt.

552 2635 576 2678 1)
601 2636 646 2667 v.
672 2632 818 2667 36-38,
1001 2630 1027 2674 2)
1052 2631 1096 2663 v.
1123 2630 1167 2662 40
1192 2635 1225 2662 et
1248 2630 1303 2662 41.
1485 2627 1513 2671 ³)
1538 2628 1583 2660 v.
1609 2625 1666 2658 36.

547 2692 575 2735 ⁴)
601 2693 645 2725 v.
673 2689 717 2723 39
742 2695 776 2722 et
799 2689 852 2722 42.
992 2687 1018 2730 5)
1043 2687 1085 2719 V.
1111 2686 1258 2720 43-47.
1323 2729 1326 2731 ‚
