2014 3101
895 50 950 94 45

191 167 339 224 quippe
383 173 519 207 essent
571 163 716 219 coIoni,
761 163 952 219 nonnulli,
995 177 1120 222 quum
1165 161 1426 219 defecissent,
1471 166 1650 223 oppressi

190 235 288 287 sint,
323 232 462 275 eodem
500 233 685 274 reserant.

190 383 347 426 XCVII.
418 381 508 424 Ath.
580 383 772 439 Legitima
814 383 918 423 enim
955 395 1075 424 causa
1122 390 1285 424 neutros
1322 380 1524 424 inferiores
1560 396 1650 424 esse

188 449 361 501 ducunt,
415 449 486 491 sed
541 464 611 507 per
665 463 762 504 opes
811 448 896 491 illos
942 462 1174 505 superesse,
1210 463 1280 491 nos
1317 462 1398 506 prae
1437 458 1543 490 metu
1582 463 1650 490 eos

188 531 263 557 non
302 517 477 573 aggredi.
547 517 676 568 Quum
715 515 764 558 ob
804 530 884 557 rem
929 530 1005 557 non
1045 515 1171 558 solum
1209 530 1377 557 numero
1423 518 1648 574 parentium

189 592 350 625 auctum
390 592 568 625 nostrum
608 585 838 639 imperium,
876 583 945 624 sed
983 584 1103 624 etiam
1141 591 1294 637 tutum,
1330 585 1361 624 si
1390 583 1542 625 subacti
1563 585 1650 624 eri-

190 653 258 700 tis,
314 651 510 703 reddetis,
565 652 785 706 praesertim
839 653 870 692 si
917 649 1029 691 nobis
1074 651 1171 692 mari
1209 650 1446 706 pollentibus
1484 650 1649 691 insulani

190 732 260 759 vos
296 727 335 759 et
365 717 524 775 quidem
562 720 707 759 ceteris
743 715 976 759 infirmiores
1015 732 1090 758 non
1126 719 1354 774 superiores
1390 717 1556 759 fueritis.

186 865 358 907 XCVIII.
431 865 517 907 Met.
591 867 640 907 At
686 879 780 906 vero
825 863 919 906 ilIud
964 879 1039 905 non
1084 865 1256 906 censetis
1295 864 1523 920 praesidium
1560 879 1650 908 esse

187 932 236 974 ad
275 948 339 974 res
394 943 551 974 vestras
603 930 789 973 tutandus
829 943 889 963 ·-
929 944 1091 973 necesse
1144 939 1205 972 est
1241 933 1344 973 enim
1383 934 1527 974 iterum
1567 934 1650 988 hic,

187 1000 525 1058 quemadmodum
581 1014 650 1040 vos
705 999 889 1054 legitimis
943 997 1163 1039 rationibus
1217 998 1330 1040 nobis
1375 999 1569 1055 exclusis,
1605 1010 1649 1043 ut

188 1077 321 1110 vestro
357 1068 628 1124 obsequamur
672 1064 878 1106 commodo
924 1064 1197 1123 persuadetis,
1242 1066 1293 1106 ita
1332 1081 1422 1120 nos,
1457 1069 1488 1108 si
1530 1067 1650 1124 forte,

186 1134 291 1192 quod
348 1136 444 1176 utile
497 1137 547 1176 sit
585 1132 717 1186 nobis,
773 1131 885 1174 vobis
938 1130 1042 1173 idern
1096 1138 1328 1187 conveniat,
1379 1133 1414 1174 id
1471 1133 1649 1178 docendo

183 1205 315 1244 conari
354 1201 464 1243 vobis
503 1199 743 1257 persuadere
783 1223 843 1230 ——-
880 1213 974 1255 ergo
1009 1200 1042 1240 si
1078 1201 1144 1255 qui
1183 1213 1273 1240 cum
1313 1202 1464 1243 neutris
1503 1201 1649 1244 bellum

184 1272 500 1322 communicant,
536 1265 732 1325 quomodo
769 1281 835 1307 eos
873 1280 947 1307 non
986 1264 1184 1308 habebitis
1207 1267 1363 1321 hostes,
1391 1282 1513 1324 quum
1538 1269 1647 1310 hisce

188 1338 308 1378 robus
367 1337 590 1392 conspectis
648 1332 861 1390 aliquando
923 1347 993 1374 vos
1052 1334 1172 1374 etiam
1232 1332 1280 1375 ad
1318 1349 1361 1375 se
1398 1335 1648 1391 profecturos

183 1405 511 1445 existimaverint.
582 1401 668 1452 Qua
729 1416 769 1441 re
821 1397 917 1458 quid
970 1399 1098 1454 aliud,
1146 1415 1286 1458 quam,
1335 1404 1400 1458 qui
1435 1402 1516 1458 jam
1555 1412 1649 1445 sunt

186 1473 351 1523 inimici,
405 1469 617 1527 ampliores
670 1468 845 1522 facietis,
896 1481 964 1509 eos
1018 1481 1127 1521 vero,
1185 1470 1251 1525 qui
1298 1481 1346 1509 ne
1392 1471 1430 1510 in
1466 1470 1648 1513 futurum

182 1537 343 1596 quidem
383 1536 524 1579 hostile
561 1535 654 1594 quid
693 1543 836 1592 agunt,
875 1537 1019 1576 invitos
1056 1548 1102 1576 eo
1139 1534 1370 1592 impellitis?

185 1690 324 1733 XCIX.
395 1690 485 1732 Atb.
559 1692 605 1732 At
654 1690 757 1730 enim
804 1704 880 1730 non
926 1690 977 1730 ita
1023 1688 1363 1745 pertimescendos
1408 1688 1519 1732 nobis
1565 1690 1648 1733 iIIos

184 1757 387 1800 credimus
423 1759 674 1811 continentis,
710 1755 846 1798 ubiubi
884 1765 999 1809 sunt,
1039 1755 1206 1811 incolas,
1241 1758 1308 1815 qui
1346 1757 1650 1814 propterIiber-

186 1833 308 1867 tatem
369 1839 482 1867 suam
536 1838 686 1866 moram
744 1838 763 1865 a
811 1824 922 1865 nobis
993 1822 1159 1865 cavendi
1234 1824 1378 1865 facient
1445 1840 1650 1881 magnam,

184 1891 253 1933 sed
310 1891 532 1945 insuInnns,
567 1893 653 1932 sive
699 1905 866 1948 usquam
904 1900 1092 1947 expertes
1127 1900 1220 1932 sunt
1260 1893 1436 1947 imperii,
1476 1903 1518 1934 ut
1559 1908 1650 1947 vos,

182 1962 269 2001 sive
301 1960 382 2016 jam
418 1960 653 2000 coercitione
691 1959 777 2013 ejus
817 1958 1080 1999 lacessuntur.
1150 1957 1199 2000 Hi
1237 1961 1342 2000 enim
1379 1963 1548 2001 summis
1574 1975 1648 2001 re-

188 2026 261 2068 bus
315 2028 527 2068 temerario
581 2027 740 2067 consilio
794 2026 1017 2066 commissis
1058 2023 1166 2067 facilc
1204 2036 1242 2067 et
1279 2039 1322 2066 se
1360 2027 1465 2082 ipsos
1501 2037 1540 2068 et
1578 2041 1648 2069 nos

187 2095 222 2136 in
263 2093 515 2135 manifestum
556 2093 775 2149 periculum
813 2093 998 2133 tuterunt.

182 2246 224 2288 C.
297 2245 384 2288 Mel.
455 2245 636 2287 Profecto
696 2247 832 2301 igitur,
891 2247 923 2288 si
982 2254 1022 2287 et
1075 2260 1164 2300 vos,
1217 2261 1266 2288 ne
1313 2246 1361 2288 de
1400 2250 1648 2304 possessione

184 2316 338 2372 imperii
378 2313 635 2369 dejiciamini,
675 2324 715 2355 ot
751 2315 816 2370 qui
850 2313 929 2368 jam
969 2315 1165 2355 servitute
1215 2323 1421 2369 tenentur,
1459 2324 1502 2357 ut
1540 2316 1648 2359 Iibe-

185 2391 323 2423 rentur
376 2395 440 2433 co,
492 2389 645 2421 tantum
699 2380 843 2422 adonai
900 2379 1134 2428 dicerimen,
1191 2382 1301 2423 nobis
1351 2382 1536 2439 quidem,
1579 2386 1647 2441 qui

184 2449 316 2491 adhuc
372 2447 478 2489 liberi
533 2462 693 2501 sumus,
731 2463 884 2499 magnae
923 2448 1135 2489 IiumiIitnti
1174 2451 1249 2489 crit
1285 2457 1324 2490 et
1364 2451 1530 2503 ignaviae
1569 2467 1645 2493 non

184 2519 325 2570 citius²
383 2530 502 2573 quum
560 2515 705 2557 sei-vile
756 2516 896 2571 jugum
947 2518 1267 2572 susceperimus,
1320 2518 1357 2558 in
1406 2532 1544 2561 omncs
1583 2533 1646 2560 res

183 2585 378 2626 institisse
