2014 3101
819 60 876 107 47

117 179 220 221 enim
256 192 384 238 neque
429 188 573 236 praeter
616 178 816 220 hominum
864 179 900 218 in
949 175 1068 218 rebus
1112 174 1254 216 divinis
1295 175 1573 218 auctoritatem

119 260 248 304 neque
299 257 445 304 praeter
497 259 634 289 eorum
683 247 719 288 in
765 242 883 287 rebus
920 243 1103 286 humanis
1142 241 1385 284 voluntatem
1423 250 1492 283 aut
1527 243 1577 284 de

114 314 222 370 justo
258 316 473 358 statuimus
509 324 577 357 aut
615 316 780 369 agimus.
853 313 952 354 Nam
993 320 1035 354 ut
1071 308 1165 352 deos
1201 324 1250 350 ex
1289 310 1491 365 opinione,
1525 312 1573 352 ita

120 380 328 424 manifesto
379 382 578 436 homines,
632 379 778 438 ubique
829 393 852 421 e
905 380 1140 421 necessitate
1194 375 1367 435 quadam
1404 385 1579 432 naturae,

118 463 218 508 quos
254 451 290 491 in
329 458 528 508 potestate
571 447 763 499 habeant,
811 449 857 489 iis
893 446 1134 489 arbitramur
1172 445 1377 501 imperare.
1446 442 1576 493 Quam

119 518 235 574 igitur
288 530 358 559 nos
412 516 537 574 legem
593 528 721 572 neque
768 516 837 572 ipsi
877 524 1062 556 auctores
1099 525 1227 569 neque
1263 526 1306 552 ea
1346 510 1420 552 lata
1461 513 1576 568 primi

121 585 180 625 usi
218 583 418 626 valentem
457 586 703 642 recepimus,
747 590 792 625 ut
839 584 874 624 in
923 588 1161 638 perpetuum
1201 577 1411 620 valituram
1451 579 1579 620 relin—

119 665 313 710 quamus,
365 666 410 695 ea
464 653 631 704 utimur,
685 664 758 691 non
815 651 1040 706 ignorantes
1093 656 1132 690 et
1187 660 1257 688 vos
1307 654 1347 688 et
1392 643 1508 696 alios,
1546 649 1580 688 si

120 717 282 761 easdem
319 732 414 777 opes
450 732 542 761 cum
580 716 690 760 nobis
727 715 1017 764 obtinuissetis,
1057 714 1129 757 hoc
1168 716 1297 769 ipsum
1326 726 1415 753 esse
1445 711 1581 756 sactu-

122 800 196 828 ros.
270 786 401 844 Atque
447 785 494 828 ad
553 785 648 827 deos
690 784 850 842 quidem
905 782 1009 842 quod
1045 784 1209 835 attinet,
1245 781 1295 822 ita
1334 778 1469 822 idonea
1511 795 1583 822 ra—

122 854 226 895 tione
269 867 344 895 non
397 854 603 905 timemus,
657 866 706 894 ne
743 851 944 894 interiores
990 850 1109 892 futuri
1148 851 1286 890 simus.
1359 847 1416 888 De
1451 846 1584 890 Lace-

120 919 325 963 daemoniis
372 935 467 962 vero
510 919 615 979 quod
662 918 810 976 pudore
857 917 1052 960 adductos
1091 915 1203 959 vobis
1240 928 1354 971 opem
1391 913 1584 958 construitis

121 1000 331 1030 eos-esse
383 987 552 1042 laturos,
602 1001 725 1046 quum
780 986 1080 1043 praedicarimus
1136 997 1206 1026 vos
1246 981 1383 1024 beatos
1423 992 1584 1040 propter

121 1057 405 1104 innocentiam,
463 1069 536 1097 non
589 1053 825 1098 aemulemur
888 1052 1208 1110 imprudentiam.
1296 1050 1584 1092 Lacedaemonii

125 1125 229 1165 enim
267 1123 369 1165 inter
413 1137 456 1165 se
503 1121 662 1181 quidem
702 1122 810 1178 ipsos
846 1123 964 1179 inque
1001 1118 1228 1160 domesticis
1267 1118 1460 1158 institutis
1497 1118 1586 1158 vir-

124 1199 209 1232 tute
246 1188 461 1248 plurimum
500 1198 686 1241 utuntur,
733 1202 875 1230 verum
922 1189 958 1228 in
997 1186 1094 1228 alios
1129 1185 1269 1243 quales
1307 1197 1349 1224 se
1367 1184 1584 1240 praebeant,

123 1271 247 1316 quum
285 1257 408 1299 multa
444 1259 535 1316 quis
573 1257 705 1299 dicere
744 1257 882 1312 possit,
933 1256 969 1296 in
1005 1267 1160 1295 summa
1203 1250 1295 1293 illud
1337 1251 1583 1306 potissimum

124 1323 389 1366 declaraverit
436 1323 735 1366 evidentissime
786 1336 854 1364 eos
891 1322 1087 1374 omnium,
1122 1333 1222 1377 quos
1259 1320 1458 1369 norimus,
1495 1330 1585 1376 quae

122 1394 203 1434 sint
236 1390 433 1447 jucunda,
469 1405 513 1433 ea
553 1392 741 1442 honesta,
778 1403 869 1447 quae
906 1391 984 1430 sint
1022 1388 1151 1441 utilia,
1188 1399 1232 1428 ea
1267 1385 1586 1441 justajudicure.

125 1461 245 1517 Atqui
299 1474 374 1501 non
425 1457 473 1500 ad
531 1468 705 1500 vestram
758 1470 864 1499 nunc
891 1465 1064 1498 ⁴temere
1099 1461 1300 1513 speratam
1339 1451 1507 1496 salutem
1545 1465 1589 1495 se

124 1526 398 1570 accommodat
435 1524 661 1583 hujusmodi
700 1539 823 1568 mens.

125 1661 221 1705 CVI.
293 1661 379 1704 Mel.
425 1662 552 1704 Immo
590 1675 683 1701 vero
720 1673 790 1701 nos
826 1658 877 1701 ob
915 1658 988 1701 hoc
1026 1662 1155 1714 ipsum
1192 1657 1272 1713 jam
1310 1656 1374 1698 vel
1413 1659 1586 1697 maxime.

125 1726 382 1784 confidimus,
418 1728 456 1772 id
493 1728 598 1786 quod
637 1725 888 1770 commodum
911 1732 1086 1783 ipsorum
1126 1725 1220 1776 sert,
1260 1737 1349 1765 esse
1386 1723 1588 1774 futurum,

130 1805 172 1839 ut
209 1796 330 1839 nolint
365 1796 512 1848 Mettis,
553 1796 619 1854 qui
663 1797 744 1837 sint
787 1793 933 1849 coloni,
971 1793 1138 1851 proditis
1175 1806 1249 1833 non
1288 1791 1415 1833 solum
1453 1792 1589 1832 amicis

126 1863 360 1907 Graecorum
397 1862 592 1913 infideles,
630 1861 699 1906 sed
737 1861 920 1905 hostibus
957 1875 1001 1903 se
1037 1858 1227 1903 exhibere
1265 1859 1394 1901 utiles.

128 1997 243 2042 CVlI.
316 1998 407 2042 Ath.
479 2000 617 2057 ltaque
653 2011 729 2039 non
767 1998 918 2055 putatis
955 1994 1207 2037 commodum
1246 1996 1464 2036 securitate
1489 2007 1590 2034 con-

132 2061 279 2122 tiner·i,‘
312 2066 465 2122 justum
524 2080 618 2107 vero
668 2075 708 2108 et
762 2065 973 2107 honestum
1011 2077 1101 2105 cum
1141 2060 1313 2118 periculo
1350 2061 1592 2118 perpetrari,

131 2134 235 2193 quod
273 2133 584 2187 Lacedaemonti5
621 2142 663 2175 ut
701 2146 785 2175 mos
821 2139 883 2174 est
918 2145 1075 2183 eorum,
1113 2131 1270 2172 minime
1309 2129 1468 2172 audent.

133 2268 265 2313 CVllt.
337 2269 422 2312 Mel.
497 2269 620 2311 Immo
659 2281 751 2309 vero
787 2276 827 2308 et
865 2265 1037 2323 pericula
1076 2278 1122 2305 eo
1161 2266 1287 2318 magis
1314 2271 1444 2304 nostra
1472 2275 1592 2303 causa

133 2346 396 2395 suscepturos
431 2351 499 2378 eos
536 2335 719 2377 ducimus
756 2344 796 2376 et
833 2348 877 2375 ea
909 2334 1210 2374 existimaturos
1238 2333 1364 2372 tutius
1384 2328 1590 2371 nobiscum

133 2419 254 2464 quam
308 2419 399 2446 cum
453 2404 537 2446 aliis
590 2404 924 2445 communicatum
979 2401 1044 2454 iri,
1088 2413 1166 2456 quo
1211 2397 1258 2440 ad
1298 2413 1361 2439 res
1397 2396 1595 2453 gerendas

135 2472 238 2531 quod
290 2474 431 2515 attinet
503 2470 818 2526 Peloponnesum
873 2481 995 2526 prope
1047 2469 1134 2520 siti,
1183 2469 1405 2508 animorum
1459 2475 1593 2506 autem

135 2542 368 2597 cognatione
404 2537 602 2583 fideliores
636 2551 755 2596 quam
792 2537 913 2580 ceteri
949 2549 1100 2578 sumus.

1376 2603 1415 2643 2.
