2014 3101
1017 163 1073 206 44

312 285 392 328 XC.
461 281 548 324 Mel.
620 278 740 335 Atqui
779 292 848 319 nos
886 274 1046 334 quidem
1084 287 1296 315 censemus
1337 285 1426 313 esse.
1465 270 1645 312 utile—
1678 273 1771 331 qnid

313 353 414 394 enim
461 348 588 399 aliud,
625 347 811 404 quoniam
865 341 1117 385 commodum
1171 342 1442 395 praetermisso
1482 338 1592 394 justo
1630 348 1673 382 ut
1711 340 1776 382 lo-

313 431 484 476 quamur
537 414 782 473 praecepistis
823 436 884 443 --
924 424 993 451 vos
1031 423 1104 449 non
1156 406 1294 449 tollere
1342 405 1446 464 quod
1493 405 1677 448 omnibus
1715 417 1777 449 est

316 485 482 536 bonum,
521 482 589 524 sed
609 482 775 537 cuique,
805 476 1127 536 quandocunque
1165 475 1200 516 in
1237 473 1411 529 periculo
1433 482 1640 524 versetur,
1661 489 1774 532 aequa

317 568 385 610 pro
417 552 535 608 justis
567 548 713 590 liaberc
743 554 864 603 atque
893 546 1013 585 etiam
1049 552 1195 600 praeter
1214 555 1415 582 summum
1437 541 1501 596 jus
1523 546 1779 596 persuasione

315 619 491 661 adhibita
527 618 589 659 cui
624 616 740 657 licere
772 613 971 670 requitatis
988 610 1189 668 quendam
1210 622 1352 665 capere
1377 608 1564 650 fructum.
1637 610 1779 666 Neque

317 689 449 727 minus
510 685 582 726 lioc
635 697 657 724 e
724 690 856 722 vestra
925 693 987 731 re,
1048 675 1152 735 quod
1225 677 1486 734 gravissimas
1550 677 1691 730 etiam,
1745 678 1777 717 si

316 751 472 810 quando
509 752 677 793 fortunae
716 745 1029 800 succubueritis‚
1064 745 1151 786 aliis
1176 742 1439 802 persequendi
1471 757 1617 799 poenas
1635 757 1781 785 exem-

318 823 427 878 plum
465 819 666 861 dederitis.

319 934 419 976 XCI.
476 931 581 973 Atii.
653 930 735 971 Nos
774 942 867 968 vei-0
905 926 1027 967 nostri
1071 924 1241 980 imperii,
1276 925 1396 964 etiam
1436 923 1466 964 si
1505 923 1783 979 perierit‚non

321 1002 573 1059 pavescimus
610 986 740 1038 linem.
812 996 914 1036 Nam
951 994 1017 1050 qui
1053 991 1140 1033 aliis
1181 993 1396 1046 imperant,
1423 999 1464 1031 ut
1485 988 1784 1044 Lacedaemonii,

322 1084 395 1110 non
435 1068 472 1109 lii
526 1064 709 1107 horrendi
762 1070 854 1104 sunt
901 1061 1016 1102 victis
1055 1084 1115 1090 —-
1156 1072 1284 1115 neque
1325 1072 1417 1099 vero
1455 1071 1546 1098 cum
1585 1057 1784 1099 Lacedae—

323 1137 464 1177 moniis
502 1131 612 1175 nobis
666 1139 727 1173 est
764 1138 966 1171 certamen
1007 1152 1067 1158 ——
1105 1125 1174 1167 sed
1212 1127 1243 1166 si
1282 1126 1348 1182 qui
1388 1138 1578 1182 usquam,
1613 1139 1783 1181 quorum

322 1204 485 1259 imperio
523 1199 692 1255 subjecti
731 1199 829 1246 sint,
867 1210 934 1237 eos
970 1195 1089 1235 armis
1130 1192 1247 1234 illatis
1288 1193 1458 1233 vincant.
1529 1193 1578 1234 Et
1625 1191 1673 1233 de
1712 1191 1786 1232 hac

323 1270 482 1328 quidem
537 1283 578 1308 re
633 1266 745 1309 nobis
801 1265 1058 1320 permittatur
1112 1270 1156 1302 ut
1209 1258 1493 1316 periclitemur.
1566 1261 1654 1302 Jam
1692 1273 1788 1300 vero

323 1337 359 1380 id
397 1333 760 1378 demonstrabimus
798 1340 837 1372 et
873 1329 921 1372 ob
960 1328 1171 1371 utilitatem
1210 1341 1280 1368 nos
1316 1325 1458 1368 adesse
1488 1328 1611 1369 nostri
1633 1326 1786 1382 imperii

321 1414 362 1446 et
398 1404 447 1446 ob
502 1401 812 1444 incolumitatem
867 1412 974 1438 nunc
1025 1395 1147 1436 verba
1195 1394 1370 1435 facturos
1409 1403 1557 1436 vestrae
1594 1394 1794 1447 civitatis,

324 1471 542 1530 siquidem,
579 1478 622 1511 ut
659 1471 743 1509 sine
781 1475 916 1508 nostro
960 1463 1189 1506 molimento
1229 1463 1263 1501 in
1303 1460 1494 1502 dicionem
1533 1475 1604 1503 vos
1639 1459 1790 1502 redac-

323 1548 405 1590 tos,
466 1540 515 1580 ita
578 1545 839 1591 utrorumque
897 1530 1148 1573 emolimento
1211 1543 1279 1570 vos
1339 1528 1556 1571 incolumes
1603 1527 1789 1570 volumus

327 1607 464 1648 factos.

326 1718 440 1760 XCII.
511 1716 596 1759 Mel.
669 1716 851 1767 Quonam
911 1716 1028 1771 igitur
1079 1712 1193 1755 modo
1248 1711 1329 1753 fieri
1382 1712 1545 1769 poterit,
1595 1719 1638 1752 ut
1674 1723 1789 1766 aeque

327 1785 574 1827 fructuosum
614 1783 727 1825 nobis
764 1783 942 1839 obtingat
980 1782 1212 1834 servitium,
1247 1794 1293 1821 ac
1332 1779 1444 1821 vobis
1484 1780 1704 1835 imperium.

327 1898 462 1940 XCIII.
535 1895 625 1937 Ath.
697 1895 797 1945 Quia
852 1895 1052 1947 continget
1115 1891 1246 1946 vobis,
1306 1900 1349 1932 ut
1402 1899 1582 1931 extrema
1636 1888 1790 1930 fortuna

329 1968 450 2006 vitata
490 1962 754 2005 obedientiam
801 1961 979 2003 subeatis
1031 1968 1152 2017 atque
1199 1969 1242 2000 ut
1294 1973 1363 1999 nos
1402 1972 1476 1998 non
1516 1956 1676 2014 perditis
1716 1971 1794 1997 vo-

330 2032 390 2074 bis
427 2032 579 2073 lucrum
622 2030 826 2071 faciamus.

330 2143 462 2187 XCtV.
537 2142 623 2184 Mel.
698 2144 836 2198 ltaque
891 2142 1015 2182 otium
1072 2154 1142 2181 nos
1180 2138 1373 2181 habentes
1411 2139 1559 2178 amicos
1596 2151 1684 2177 esse
1725 2150 1795 2192 pro

331 2211 513 2253 hostibus
548 2224 677 2267 neque
715 2210 929 2250 alterorum
970 2206 1135 2248 ullorum
1173 2208 1318 2259 socios,
1357 2205 1469 2246 vobis
1507 2219 1580 2245 non
1608 2203 1794 2261 placeat?

332 2322 446 2365 XCV.
519 2321 610 2363 Atti.
683 2321 840 2362 Minime
899 2333 1016 2369 vero,
1079 2318 1272 2376 siquidem
1337 2331 1411 2357 non
1473 2324 1628 2356 tantum
1682 2314 1794 2357 nobis

334 2400 474 2432 nocent
514 2390 728 2430 inimicitiae
768 2396 933 2439 vestrm,
970 2395 1164 2444 quantum
1202 2385 1390 2436 amicitia,
1437 2397 1546 2440 quie,
1584 2391 1626 2423 ut
1660 2382 1795 2423 odium

334 2460 502 2511 virium,
539 2458 595 2497 sic
633 2456 693 2496 illa
735 2454 1015 2497 imbecillitatis
1052 2455 1254 2510 specimen
1294 2453 1358 2505 iis,
1395 2453 1460 2509 qui
1486 2460 1619 2491 nostro
1646 2459 1795 2491 tenen—

335 2533 401 2566 tur
439 2527 622 2582 imperio,
662 2525 849 2564 cernitur.

337 2637 470 2680 XCVI.
542 2634 628 2677 Mel.
699 2635 807 2675 Itane
846 2648 962 2686 vern,
997 2633 1062 2689 qui
1089 2631 1198 2673 vobis
1221 2629 1574 2687 par‹=nt‚judic:int
1591 2627 1639 2669 de
1660 2643 1797 2686 aequo,

340 2714 382 2746 ut
434 2714 472 2745 et
526 2718 612 2756 eos,
664 2705 730 2760 qui
786 2700 888 2743 nulla
947 2715 987 2741 re
1041 2714 1109 2741 vos
1165 2702 1384 2755 attingant,
1421 2707 1460 2739 et
1497 2699 1584 2755 qui,
1621 2697 1800 2754 plurimi,
