2014 3101
933 65 982 107 ill

225 182 344 222 etiam
389 180 420 221 si
473 188 551 220 tam
604 177 708 219 latus
746 186 783 218 et
825 177 1017 219 verbosus
1054 191 1185 218 sermo
1222 175 1271 217 ab
1305 173 1612 217 Atheniensibus
1643 181 1684 214 et

225 247 352 289 Meliis
391 246 548 288 habitus
583 253 711 298 esset,
749 260 821 285 non
855 246 904 286 oh
951 259 1038 286 erim
1075 258 1235 286 causam
1274 241 1524 300 Thucydides
1567 245 1601 281 in
1640 255 1686 282 eo

227 313 459 370 exponendo
496 322 576 354 tam
619 312 754 367 longus
791 321 910 353 esset.
949 312 1088 367 Neque
1114 313 1219 352 enim
1249 313 1298 352 ita
1323 324 1506 366 magnum
1531 308 1686 350 lucrum

226 380 381 422 ferebat
432 379 746 422 Atheniensibus
797 379 925 419 Melus
978 378 1164 429 subacta,
1221 387 1261 420 ut
1307 377 1452 434 aliquid
1502 376 1689 417 momenti

227 447 275 488 ad
315 457 440 490 totum
478 446 624 489 bellum
666 445 828 487 haberet
858 445 1248 501 Peloponnesiacum.
1287 446 1338 487 At
1364 443 1506 486 bellum
1528 442 1688 485 Melium

228 514 367 556 habuit
423 523 687 565 momentum,
737 511 840 569 quod
899 511 1091 566 ostendit,
1152 527 1270 570 quam
1324 512 1523 566 corrumpi
1561 522 1690 551 mores

226 584 354 638 coepti
392 590 549 634 essent,
585 594 702 636 quam
743 581 897 621 saevitia
926 581 1078 621 animos
1106 580 1353 627 incessisset,
1381 592 1498 635 quam
1516 577 1690 634 partium

226 648 373 691 studiis
409 655 449 689 et
486 646 771 688 certaminibus
807 649 951 687 coortis
988 661 1034 687 ao
1073 646 1208 687 multis
1245 645 1357 687 malis
1395 644 1467 685 illis
1492 644 1693 699 tempori—

229 714 305 757 bus
364 717 402 756 in
453 716 636 756 civitates
681 714 844 755 Groecas
907 712 1221 770 irrumpentibus
1266 713 1332 768 jus
1378 713 1517 768 fasque
1568 711 1693 767 magis

231 784 439 840 magisque
476 781 701 823 laedere-tur.

364 861 543 917 Scriptor
591 873 611 900 a
666 858 768 901 bello
824 868 1022 913 remotus,
1071 859 1155 900 sine
1201 860 1277 911 ira,
1314 858 1398 899 sine
1435 855 1568 898 studio
1604 865 1690 897 acta

228 931 438 985 utriusque
488 927 613 984 partis
660 941 750 968 cum
802 929 935 967 animo
986 936 1194 983 reputans,
1248 927 1280 966 is
1334 925 1399 981 qui
1453 938 1526 964 non
1564 922 1692 965 solum

229 997 441 1053 praesentia
481 996 611 1036 acutis
648 994 773 1036 oculis
806 993 1067 1050 perlustraret
1105 994 1270 1045 mentis,
1306 990 1375 1033 sed
1407 992 1526 1032 etiam
1558 991 1690 1032 futura

228 1077 388 1119 semper
441 1069 663 1118 spectaret,
713 1063 862 1119 quique
917 1061 1105 1102 vitiorum
1160 1068 1346 1101 auctores
1391 1060 1617 1100 temeritate
1654 1065 1694 1097 et

229 1131 452 1172 animorum
488 1129 660 1186 quadam
710 1127 1008 1185 perturbatione
1054 1128 1222 1183 injustos
1260 1139 1406 1183 poenas
1443 1138 1532 1166 esse
1569 1124 1696 1165 datu-

230 1212 295 1238 ros
345 1195 470 1253 probe
522 1196 662 1249 sciret,
709 1210 781 1236 non
838 1197 965 1250 potuit
1018 1193 1118 1234 hane
1155 1207 1238 1234 rem
1276 1208 1345 1249 pro
1382 1191 1501 1233 nihilo
1539 1191 1696 1232 babere.

231 1263 430 1305 Intellexit
484 1265 516 1304 is
570 1262 730 1320 quidem
776 1263 1061 1315 Athenienses,
1096 1260 1162 1317 qui
1208 1269 1248 1300 et
1285 1260 1398 1301 sociis
1435 1269 1476 1299 et
1515 1257 1695 1299 hostibus

231 1331 382 1372 vellent
431 1343 520 1372 esse
571 1329 772 1371 metuendi
821 1338 942 1385 atque
979 1328 1029 1370 ita
1068 1328 1278 1383 imperium
1313 1341 1430 1368 suum
1469 1325 1618 1367 firmari
1658 1333 1697 1366 et

234 1399 371 1453 augeri
424 1398 725 1450 existimarent,
773 1396 872 1437 adeo
909 1410 927 1436 a
970 1396 1170 1452 proposito
1206 1393 1415 1445 aberrare,
1460 1403 1502 1434 ut
1540 1401 1696 1434 tantum

231 1465 317 1506 odia
351 1473 466 1506 aucta
522 1472 873 1520 consequerentur.
947 1462 995 1503 Et
1041 1460 1164 1502 voluit
1207 1461 1359 1502 animos
1397 1460 1611 1515 legentium
1649 1457 1698 1500 ad

232 1533 365 1574 futura
405 1540 581 1572 attentos
619 1530 771 1584 facere,
809 1540 851 1572 ut
886 1530 967 1587 jam
1006 1527 1295 1583 intelligerent,
1332 1526 1544 1585 quomodo
1565 1525 1699 1569 Athe-

233 1613 412 1650 mmxses,
449 1613 550 1655 quas
587 1607 670 1639 tum
709 1612 803 1654 opes
841 1598 1123 1655 intempestive
1159 1596 1313 1651 exiguae
1350 1604 1391 1636 et
1430 1593 1595 1636 infirmae
1633 1595 1700 1634 ci-

235 1668 349 1708 vitati
411 1665 645 1723 subigendae
706 1666 968 1718 insumerent,
1029 1677 1096 1705 eas
1157 1671 1245 1720 post
1305 1662 1436 1718 paullo
1496 1661 1700 1704 insolentia

235 1734 403 1775 adaucta
459 1734 497 1774 in
535 1732 682 1788 majore
721 1740 868 1773 conatu
898 1732 1044 1774 Siciliae
1098 1729 1378 1788 expugnandae
1420 1738 1701 1771 consumerent

235 1815 394 1858 quoque
439 1799 553 1841 modo
608 1799 762 1840 fortuna
817 1800 853 1841 in
906 1798 1072 1841 alteram
1125 1807 1280 1855 partem
1319 1811 1433 1838 versa
1472 1807 1511 1838 et
1550 1806 1700 1837 mutata

237 1868 380 1909 deinrle
428 1868 647 1923 praecipites
685 1868 720 1908 in
770 1868 985 1922 perniciem
1024 1864 1291 1906 traherentur.
1363 1865 1511 1906 Verum
1553 1878 1701 1904 rnorem

239 1950 357 1976 suum
396 1943 558 1986 tenens,
607 1933 667 1974 hic
713 1942 754 1975 ut
802 1933 1035 1990 plerumque
1072 1947 1162 1990 quoe
1202 1945 1285 1987 ipse
1322 1933 1468 1972 sentiat
1507 1946 1580 1973 non
1618 1932 1702 1972 suis

238 2001 371 2044 verbis
419 2002 570 2058 prodit,
619 2000 689 2042 secl
742 2002 941 2058 utrisque,
995 2014 1096 2057 quos
1150 1998 1356 2055 loquentes
1402 1997 1570 2051 inducit,
1621 2000 1703 2040 suis

239 2068 425 2127 partibus
479 2070 584 2109 datis
635 2082 684 2109 ex
737 2082 873 2109 eorum
912 2069 1090 2109 oratione
1127 2065 1257 2123 qualis
1293 2067 1344 2107 sit
1381 2073 1512 2107 status
1550 2080 1704 2119 rerum,

240 2136 380 2194 quales
419 2136 622 2188 homines,
658 2136 724 2193 qui
763 2149 901 2176 earum
939 2142 1033 2175 sunt
1077 2142 1283 2185 auctores,
1320 2132 1413 2190 quid
1452 2135 1598 2191 cuique
1634 2142 1704 2174 aut

241 2202 369 2246 laudis
422 2211 491 2244 aut
544 2203 718 2244 criminis
756 2203 806 2242 sit
845 2200 1101 2243 tribuendum
1142 2200 1364 2255 legentibus
1404 2200 1495 2242 lacit
1551 2203 1704 2256 copiam

241 2269 481 2326 conjiciendi.
552 2270 766 2326 Quumque
813 2267 1065 2326 loquentibus
1112 2269 1330 2309 sententias
1374 2269 1570 2323 assignet,
1606 2282 1704 2325 quas

243 2353 308 2379 res
345 2348 470 2395 gesta}
508 2351 575 2378 eos
614 2337 760 2378 habere
797 2335 1092 2387 demonstrant,
1136 2343 1294 2377 tautum
1333 2334 1470 2389 abest,
1504 2345 1546 2377 ut
1586 2335 1705 2376 taedat

242 2404 360 2447 fidem
400 2405 596 2452 historiae,
636 2411 678 2445 ut
733 2417 795 2445 res
848 2402 899 2445 ab
936 2404 1038 2444 omni
1077 2410 1189 2460 parte
1226 2401 1416 2456 illustret,
1446 2402 1549 2459 quod
1590 2417 1705 2444 veras

243 2487 381 2514 earum
445 2486 589 2513 causas
649 2471 699 2513 ab
759 2471 978 2512 animorum
1041 2469 1233 2522 motibus,
1276 2468 1326 2510 ab
1372 2469 1637 2525 opinionibus,
1684 2484 1704 2510 a

245 2539 519 2582 voluntatibus
564 2539 766 2592 hominum
805 2537 998 2595 proficisci
1035 2546 1200 2578 cernant
1237 2545 1275 2577 et
1315 2536 1476 2578 videant
1517 2536 1703 2593 legentes.

245 2608 386 2665 Itaque
438 2609 499 2648 hic
549 2620 726 2664 quoque,
781 2605 816 2646 id
873 2604 976 2663 quod
1029 2604 1100 2647 sibi
1147 2613 1426 2662 proposuerat,
1467 2613 1508 2646 ut
1545 2619 1705 2662 semper
