2014 3101
888 42 949 85 23

190 149 345 194 xcvlt.
361 148 457 201 τούς
470 153 562 206 μέν.
581 150 676 203 τοῦς
691 152 748 210 μὴ
764 156 1076 212 πρωσήκοντας,
1097 154 1221 212 Krug.
1240 179 1299 188 —
1320 158 1648 213 περιγίγνεσθαι

185 232 405 272 superesse
439 218 636 272 diximus,
655 230 698 264 ut
721 223 854 264 verbis
878 225 1007 280 aliqua
1029 227 1179 265 ratione
1198 223 1398 266 similibus
1416 226 1648 281 (superesse

184 294 224 327 et
262 284 360 327 infra
397 290 669 341 superiorem
703 303 786 332 esse
821 289 872 333 ab
902 289 1039 332 eodem
1067 291 1259 333 vocabulo
1279 293 1479 348 primitivo
1498 292 1646 348 ductis)

186 350 467 407 redderemus,
514 355 620 413 quod
665 356 769 398 idem
808 359 841 400 in
881 361 1056 400 oratione
1092 361 1300 414 scriptoris
1338 358 1398 401 bis
1426 358 1645 417 legeretur,

183 418 252 460 sed
293 429 511 476 posteriore
556 422 639 465 loco
674 437 765 466 cum
810 425 987 467 dissimili
1031 424 1202 483 quadam
1242 428 1398 468 notione
1434 441 1478 469 ac
1500 429 1643 485 priore.

180 487 411 541 Superesse
471 491 507 530 in
559 492 720 548 scriptis
780 492 910 535 latinis
972 491 1170 534 interdum
1230 491 1332 535 idem
1382 493 1485 536 vaiet
1521 507 1643 553 atque

181 555 401 609 'intem-um
440 572 684 611 remanere,
729 562 760 601 si
801 574 884 617 ipse
928 560 1115 602 orationis
1159 569 1373 603 contextus
1411 563 1490 604 vim
1531 562 1640 605 verbi

179 619 366 666 illustrat.

314 701 457 752 ἄλλως
491 718 535 746 τε
550 708 625 746 καί
665 715 708 748 ut
740 708 858 748 Aeac.
892 705 1017 762 Popp.
1055 707 1179 762 Krug.
1209 705 1330 748 Goell.
1364 707 1570 749 referimus
1589 710 1637 750 ad

177 766 217 809 εἷ
239 766 298 826 μὴ
325 774 639 828 περιγένοισθε,
670 782 709 815 et
740 775 1039 828 περιγένοισθε
1067 787 1157 815 cum
1187 774 1500 831 ναυκρατόρων,
1534 785 1576 817 ut
1602 777 1639 829 ii,

173 836 399 894 jungimus,
437 838 573 883 eodem
614 840 730 884 modo
766 855 813 883 ac
848 841 970 898 Popp.
1007 840 1097 883 illud
1132 840 1406 898 intelligentes.
1467 843 1527 885 Ex
1565 843 1638 885 buc

175 907 458 962 compositione
507 907 718 951 verborum
763 918 938 950 nostram
978 909 1341 964 interpretationem
1379 924 1638 968 exponemus.

174 969 214 1014 Si
249 987 339 1027 vos,
369 976 553 1032 inquiunt
583 975 864 1027 Athenienses,
896 978 963 1034 qni
997 975 1164 1017 insulani
1203 979 1298 1018 estis
1329 985 1369 1018 et
1401 977 1636 1020 infirmiores

173 1040 293 1082 etiam
324 1055 443 1100 quam
475 1046 598 1085 ceteri
630 1043 849 1099 (insulani),
881 1057 900 1084 a
935 1043 1068 1097 nobis,
1097 1044 1163 1100 qui
1194 1042 1321 1084 classe
1348 1046 1634 1102 maritimisque

175 1107 296 1150 rebus
341 1109 586 1167 permultum
636 1111 817 1152 valemus
864 1121 904 1152 et
935 1125 1021 1152 eam
1053 1110 1104 1153 ob
1136 1124 1216 1152 rem
1250 1110 1402 1153 facilius
1433 1112 1633 1155 insulanos

170 1188 290 1233 quam
336 1179 574 1220 continentis
621 1177 771 1221 incolas
817 1178 894 1220 sub
938 1186 1118 1219 nostrum
1150 1178 1360 1234 imperium
1392 1180 1634 1236 subjungere

170 1256 385 1299 possumus
416 1255 536 1302 atque
576 1245 752 1289 infirmos
789 1244 991 1287 insulanos
1022 1246 1143 1287 etiam
1177 1246 1324 1286 minore
1357 1248 1500 1288 virium
1532 1261 1632 1288 con-

168 1311 365 1366 tentione,
411 1314 553 1368 integri
591 1322 631 1355 et
681 1312 793 1354 liberi
846 1312 1143 1370 relinquemini,
1194 1312 1267 1355 boc
1306 1314 1491 1355 civitates
1522 1315 1633 1357 nobis

168 1377 363 1434 subjectae
411 1380 610 1437 putabunt
658 1378 846 1422 indicium
888 1380 1008 1421 nostri
1040 1381 1190 1422 timoris
1220 1388 1260 1421 et
1292 1378 1532 1423 infirmitatis
1565 1384 1631 1424 vi-

167 1445 293 1501 rium,
320 1448 381 1488 sin
413 1456 546 1490 autem
580 1462 651 1489 nos
682 1462 756 1489 non
787 1448 1025 1504 superaritis
1054 1457 1094 1489 et
1124 1446 1279 1490 subacti
1298 1449 1409 1490 eritis
1428 1451 1631 1505 specimen

167 1513 448 1570 magnitudinis
479 1524 718 1559 nostrarum.
789 1514 857 1557 Vel
892 1523 935 1557 ut
967 1515 1025 1557 bis
1057 1514 1192 1557 verbis
1224 1523 1330 1557 utar:
1380 1517 1420 1558 Si
1456 1531 1537 1571 vos,
1566 1518 1633 1574 qui

166 1580 338 1624 insulani
368 1584 466 1625 estis
497 1592 536 1624 et
567 1584 714 1626 ceteris
745 1581 999 1635 infirmiores,
1027 1597 1078 1625 ex
1099 1582 1171 1625 boc
1190 1581 1291 1624 bello
1311 1597 1383 1624 non
1405 1587 1632 1640 superiores

164 1645 429 1692 discesseritis
474 1649 667 1709 nobisque
713 1651 858 1693 cedere
904 1652 1030 1692 eoacti
1062 1653 1197 1704 eritiS,
1226 1649 1312 1692 aliae
1342 1652 1529 1693 civitates
1561 1666 1632 1694 vos

163 1729 254 1758 esse
301 1714 496 1773 infirmos,
544 1727 588 1760 ut
637 1719 718 1776 ipsa
770 1732 812 1760 re
859 1719 978 1773 estis,
1008 1716 1224 1769 videbunt,
1256 1719 1316 1760 sin
1348 1728 1484 1760 autem
1517 1718 1629 1761 liberi

167 1782 447 1841 remanebitis,
490 1785 631 1843 opibus
671 1783 806 1828 firmos
844 1796 885 1827 et
936 1785 1086 1828 validos
1136 1799 1207 1827 vos
1239 1783 1435 1842 putabunt
1468 1797 1507 1828 et
1538 1801 1627 1829 eam

162 1847 212 1893 ob
260 1865 342 1894 rem
389 1852 614 1896 libertatem
661 1853 774 1896 nobis
823 1867 897 1896 non
937 1851 1145 1908 subjectos
1177 1862 1334 1905 tenere;
1365 1867 1452 1895 nam
1485 1853 1629 1911 opibus

160 1919 390 1972 civitatum,
440 1934 531 1979 quae
578 1934 623 1963 ea
674 1929 839 1964 utantur
885 1921 1129 1974 conditione,
1161 1929 1200 1963 et
1233 1930 1343 1962 metu
1377 1930 1512 1964 nostro
1542 1920 1625 1963 sieri

159 1984 428 2043 arbitrantur,
458 1997 502 2031 ut
535 1989 571 2029 in
605 1998 782 2031 nostram
814 1989 1008 2030 dicionem
1040 2002 1109 2030 eas
1141 2003 1215 2030 non
1248 1987 1490 2044 redigamus.
1531 1990 1626 2032 Haec

157 2053 320 2112 quidem
368 2057 563 2098 sententia
612 2071 687 2098 non
730 2058 857 2114 primo
886 2057 1030 2114 cuique
1061 2055 1203 2112 legenti
1239 2057 1275 2096 in
1309 2065 1480 2097 mentem
1516 2059 1624 2098 venit

157 2129 197 2163 et
239 2120 404 2165 forsitan
450 2122 635 2165 videatur
673 2125 842 2182 quaesita
873 2133 913 2166 et
947 2122 1134 2177 molesta,
1164 2121 1267 2180 quod
1302 2123 1352 2163 ita
1386 2125 1622 2178 cogitatione

157 2188 371 2247 repetenda
401 2200 464 2234 est
498 2194 695 2233 sententia
726 2192 937 2233 contraria.
994 2193 1046 2233 At
1080 2192 1214 2232 nescio
1242 2203 1291 2231 an
1323 2190 1619 2233 accommodata

154 2256 206 2298 sit
236 2257 284 2299 ad
316 2259 647 2315 superjectionern
679 2259 898 2313 captiosam
931 2255 1145 2300 verborum
1173 2259 1340 2299 oratoris
1357 2257 1621 2311 Atheniensis,

155 2325 222 2382 qui
255 2326 370 2368 modo
400 2326 520 2369 dixit:
552 2325 661 2368 κατὰ
689 2325 875 2381 δύναμιν
904 2324 951 2367 δὲ
981 2357 992 2368 .
1022 2356 1032 2367 .
1064 2357 1074 2367 .
1106 2357 1117 2368 .
1149 2325 1329 2368 ἐπιέναι.
1390 2325 1534 2368 Verum
1567 2327 1619 2379 si,

154 2406 278 2450 quum
311 2394 455 2449 verba,
492 2408 583 2453 quae
629 2404 870 2447 tractamus,
908 2392 1036 2451 legaS,
1073 2392 1178 2450 apud
1213 2394 1389 2434 animum
1423 2407 1617 2450 proponas

153 2472 219 2514 ea,
266 2475 357 2518 quae
402 2476 434 2503 r.
482 2462 556 2505 09.
605 2462 817 2515 dicuntur,
861 2477 936 2504 non
974 2462 1062 2504 sinc
1091 2474 1210 2503 causa
1244 2459 1462 2502 credideris
1495 2463 1614 2503 verba

156 2529 357 2585 νησιῶται
401 2530 705 2586 ναυκρατόρων
747 2529 821 2573 sibi
867 2543 954 2572 eam
999 2527 1049 2571 ob
1088 2543 1171 2570 rem
1204 2527 1265 2569 bic
1295 2541 1384 2569 esse
1414 2532 1616 2586 opposita,

152 2595 256 2653 quod
276 2597 633 2657 insulani,quippe
647 2599 714 2656 qui
734 2597 880 2657 aliquid
908 2597 1036 2640 classe
1066 2595 1269 2648 valerent,
1299 2594 1614 2638 Atheniensibus
