2014 3101
1062 175 1079 217 »l
1094 177 1119 218 0
1525 191 1542 209 x

365 297 415 337 Et
468 289 721 348 Thucydides
776 289 1042 330 narrationem
1101 286 1280 330 breviter
1316 287 1390 329 hoc
1445 285 1560 328 modo
1605 285 1831 328 concludit:

368 361 628 403 Athenienses
672 355 958 399 interfecerunt
995 354 1152 406 Melios‚
1190 368 1465 412 quoscumque
1500 352 1674 411 puberes
1699 367 1827 408 cepe-

363 438 477 480 runt,
530 440 673 483 pueros
731 432 771 464 et
816 422 981 463 feminas
1028 421 1104 464 sub
1154 436 1294 464 corona
1349 420 1634 472 vendiderunt3
1695 419 1825 462 locum

364 497 437 552 ipsi
475 494 733 536 obtinuerunt
771 489 916 531 colonis
954 498 1090 546 postea
1127 490 1355 546 quingentis
1391 502 1436 530 eo
1473 489 1607 530 missis
1632 487 1674 544 ¹).

503 616 557 656 De
612 612 804 670 colloquio
857 613 963 668 ipso,
1016 626 1095 669 quo
1125 609 1383 667 Thucydides
1421 609 1522 652 hanc
1559 611 1825 652 narrationem

362 683 534 726 illustrat
572 691 611 722 et
661 689 797 734 ornat,
850 692 1054 736 perpauca
1091 678 1329 732 afferemus,
1366 679 1453 735 quia
1494 677 1606 719 nobis
1646 691 1720 718 non
1751 676 1825 718 fuit

362 752 629 808 propositum,
688 756 731 788 ut
784 747 1047 804 quaestioneS,
1100 759 1190 803 quae
1233 744 1282 786 ad
1322 745 1357 786 id
1391 745 1526 786 multae
1564 746 1830 800 pertinerent,

361 819 516 873 copiose
571 823 848 858 tractaremus.
918 813 1019 864 Quae
1073 812 1195 854 multa
1245 814 1459 870 Dionysius
1498 812 1827 853 Halicarnasseus

362 885 397 926 in
437 883 510 926 hoc
547 883 721 939 dialogo,
757 895 877 938 quem
923 895 1044 922 unum
1090 888 1278 922 accurate
1314 889 1353 922 et
1389 879 1503 937 plene
1540 893 1560 920 a
1591 877 1827 935 Thucydide

360 953 623 1009 compositum
662 964 751 991 esse
788 957 965 1000 constat,
1006 947 1267 1004 deprehendit
1311 949 1404 989 vitia
1438 956 1478 988 et
1510 948 1681 988 maxime
1718 945 1823 1003 quod

361 1020 529 1076 scriptor
582 1017 802 1060 sententias
855 1031 876 1058 a
929 1018 1109 1072 personis
1160 1024 1200 1056 et
1254 1014 1375 1057 rebus
1419 1013 1630 1070 descriptis
1673 1012 1826 1054 alienas

363 1087 630 1144 proposuerit,
683 1099 728 1126 ea
783 1082 831 1125 ad
871 1082 964 1124 nihil
1003 1083 1129 1138 redigi
1163 1082 1242 1138 jam
1281 1083 1450 1125 Acacius
1490 1080 1588 1122 bene
1626 1080 1760 1122 docuit
1781 1078 1827 1136 2).

361 1155 441 1196 Nos
491 1163 624 1196 autem
680 1151 865 1194 nonnulla
920 1149 970 1192 ad
1025 1150 1126 1191 hanc
1163 1164 1245 1191 rem
1277 1148 1551 1191 illustrandum
1583 1147 1827 1204 adjiciemus.

496 1277 670 1317 Primum
709 1274 948 1332 colloquium
986 1272 1183 1331 quoddam
1221 1280 1316 1314 ante.
1355 1271 1464 1314 urbis
1494 1273 1827 1329 oppugnationem

361 1346 461 1386 inter
516 1344 664 1398 legatos
718 1342 802 1384 illos
856 1350 895 1383 et
948 1342 1206 1397 magistratus
1260 1340 1398 1380 Melius
1450 1340 1728 1380 intercessisse
1763 1347 1826 1379 est

361 1410 596 1460 verisimile,
636 1409 827 1469 siquidem
868 1407 1150 1460 Athenienses,
1195 1406 1230 1449 id
1266 1406 1371 1464 quod
1410 1421 1431 1448 e
1469 1420 1509 1447 re
1545 1421 1618 1448 sua
1655 1406 1826 1447 maxime

360 1478 519 1532 fuisset,
556 1487 595 1519 et
632 1487 783 1519 terrore
819 1478 1040 1533 copiarum,
1077 1489 1177 1532 quas
1221 1488 1357 1516 secum
1397 1473 1613 1525 haberent,
1651 1482 1690 1514 et
1710 1474 1825 1514 minis

360 1544 574 1587 verborum
615 1545 750 1587 Melies
789 1559 918 1602 pugna
958 1548 1100 1585 omissa
1141 1541 1189 1584 ad
1227 1541 1465 1599 obsequium
1487 1541 1689 1583 adducere
1709 1554 1824 1596 posse

360 1611 466 1654 haud
519 1611 639 1654 dubie
694 1613 954 1670 speraverint.
1026 1610 1075 1652 Et
1130 1612 1162 1652 si
1216 1624 1308 1651 cum
1356 1608 1498 1666 populo
1535 1607 1674 1665 agendi
1713 1608 1824 1663 copia

361 1682 408 1721 iis
445 1679 534 1720 data
574 1689 700 1734 esset,
736 1678 896 1721 easdem
936 1679 1158 1719 sententias
1196 1675 1406 1719 lenioribus
1445 1674 1578 1718 verbis
1616 1690 1683 1717 eos
1700 1675 1823 1716 fuisse

361 1746 665 1788 denuntiaturos
715 1757 775 1788 cst
813 1754 1138 1788 consentaneum.
1211 1745 1343 1796 Quum
1398 1752 1533 1786 autem
1584 1742 1823 1800 colloquium

360 1823 467 1855 esset
503 1828 594 1855 cum
632 1817 768 1871 paucis
804 1821 843 1855 et
881 1815 931 1855 ita
969 1814 1082 1870 quasi
1123 1812 1542 1870 privatum,apertius
1560 1818 1679 1867 atque
1699 1811 1822 1851 etiam

362 1882 568 1937 procacius
606 1881 726 1923 veiha
775 1881 904 1923 facero
951 1888 1177 1936 potuerunt.
1249 1879 1399 1921 Deinde
1431 1880 1667 1936 scriptorem
1705 1877 1822 1933 ejus-

360 1947 462 1989 modi
512 1947 769 2005 colloquium,
821 1957 1015 2005 quantum
1079 1947 1116 1987 id
1169 1948 1342 2004 potuerit
1395 1948 1598 2000 cognitum
1656 1944 1827 1997 habere,

362 2024 564 2072 tamquam
617 2026 895 2071 argumentum
943 2013 991 2056 ad
1044 2027 1161 2055 suum
1206 2016 1330 2071 ipsius
1374 2013 1566 2071 judicium
1618 2012 1667 2053 de
1719 2010 1824 2053 bello

361 2082 474 2123 Melio
511 2081 783 2139 fricinorequc,
819 2081 923 2139 quod
970 2096 1015 2122 eo
1053 2080 1316 2123 Athenienses
1363 2080 1616 2130 admiserint,
1655 2093 1822 2121 accom—

360 2148 543 2191 modasse
583 2163 695 2190 nemo
733 2149 901 2206 negabit.
955 2150 1056 2190 Nam
1097 2147 1181 2190 hacc
1218 2157 1279 2190 est
1318 2162 1457 2204 magna
1499 2149 1629 2189 virtus
1666 2148 1821 2189 oratio-

361 2231 453 2258 num
508 2215 866 2272 Tliuciwlidiairum,
925 2224 967 2257 ut
1004 2217 1241 2269 sententias,
1276 2230 1367 2272 quae
1403 2213 1523 2256 rebus
1561 2213 1737 2266 subsint,
1777 2222 1821 2255 ut

360 2298 489 2324 mores
526 2292 565 2324 et
606 2285 755 2335 ingenia
794 2297 952 2334 eorum,
999 2283 1063 2340 qui
1104 2281 1337 2336 laudantur,
1369 2291 1409 2324 ut
1451 2290 1648 2338 praecepta
1688 2280 1819 2322 civilis

361 2349 583 2407 prudentiae
619 2349 666 2391 ad
705 2352 878 2391 omnium
918 2350 1180 2406 posteriorum
1217 2351 1391 2405 gentium
1431 2349 1640 2389 utilitatem
1681 2361 1819 2389 reser—

358 2426 449 2458 vata
505 2427 726 2474 proponant
768 2427 806 2459 et
860 2417 1069 2459 illustrent.
1143 2415 1279 2467 Quod,
1331 2419 1362 2458 si
1416 2415 1463 2457 de
1513 2415 1586 2456 ulla
1641 2417 1817 2456 oratione

359 2493 511 2541 potest,
547 2485 595 2525 de
633 2484 706 2527 liac
741 2484 902 2542 quidem
942 2484 1071 2526 dicere
1104 2485 1262 2525 minime
1300 2483 1576 2526 dubitariinus,
1613 2482 1815 2535 Profecto,

454 2606 462 2624 ¹
504 2606 548 2637 V.
578 2605 764 2637 114—116.

452 2606 478 2704 ²3
504 2663 592 2694 Vide
620 2663 714 2693 Dion.
741 2664 780 2694 do
806 2663 910 2695 Thuc.
936 2664 1012 2696 Jud.
1041 2662 1341 2694 XXXVII—XLI.
1368 2668 1401 2695 et
1428 2664 1528 2696 Aeac.
1554 2663 1814 2696 {11Hist.'rhue.

361 2720 447 2751 Adn.
473 2731 501 2761 p.
529 2717 594 2751 503
620 2725 652 2751 ct
677 2730 767 2761 sequ.
