2014 3101
824 86 850 127 3

103 188 300 245 judicavit
331 191 373 246 ¹).
443 191 696 249 Quamquam
734 193 835 233 enim
874 194 1080 234 etiamtum
1119 193 1233 235 annis
1260 192 1382 234 ferme
1412 201 1565 249 septem

108 258 365 312 irruptionem
407 258 519 300 alteri
566 274 601 300 in
647 259 861 300 alterorum
901 259 998 301 sines
1029 274 1103 301 non
1136 260 1313 301 fecerunt
1339 258 1384 316 2),
1418 259 1564 303 bellum

107 332 240 365 tamen
271 333 378 380 erat,
414 324 518 384 quod
557 340 684 384 nequo
718 325 767 367 illi
803 326 954 383 populi,
985 328 1050 384 qui
1081 328 1207 384 capita
1235 336 1347 368 erant
1367 329 1564 369 sociorum

108 403 236 448 neque
271 405 408 434 eorum
440 393 535 434 socii
568 391 858 435 conditionibus
890 394 1047 434 foedeie
1078 393 1286 449 descriptis
1317 393 1489 436 stabant.

178 510 181 515 ἱ
240 458 340 510 Quae
391 461 493 501 inter
538 473 674 517 pacem
731 459 834 502 illam
884 475 932 502 ac
976 459 1116 502 foedus
1160 461 1303 502 sociale
1348 471 1385 502 et
1421 460 1566 503 bellum

106 523 265 566 Melium
297 525 550 568 intercedunt
577 527 654 570 sub
680 542 803 569 unum
831 537 1038 585 aspectum
1068 527 1375 583 subjicientibus
1396 530 1564 570 maxima

108 591 221 633 nobis
261 592 346 635 haec
378 593 565 635 videntur
595 608 697 636 esse.

240 660 367 702 Scena
401 675 556 712 rerum,
588 675 680 718 quae
710 672 925 718 geruntur,
957 670 1020 703 est
1058 663 1251 718 imprimis
1273 662 1567 721 Peloponnesus

106 733 147 766 et
177 726 353 769 Thracia.
424 729 467 769 ln
500 727 573 769 hac
610 738 716 770 terra
758 738 798 770 et
829 729 1097 786 Amphipolis,
1129 743 1253 786 quum
1286 733 1396 786 pacis
1424 729 1568 772 condi-

106 792 281 835 tionibus
312 793 485 836 dimissis
515 794 565 837 ab
604 798 726 837 armis
765 796 952 838 recedere
990 795 1108 838 nollet
1147 795 1450 850 pacificantibus
1480 804 1569 839 erat

103 859 387 916 impedimento
415 860 448 917 3)
479 871 518 902 et
555 862 878 905 Chalcidensium
909 864 1143 915 civitatum,
1175 863 1323 921 quibus
1345 867 1456 921 pacis
1476 864 1567 906 foe-

105 926 200 967 dere
258 928 409 985 integra
468 927 628 971 libertas
681 933 913 987 exceptione
957 929 1130 987 quadam
1160 945 1236 972 non
1283 930 1435 973 reddita
1467 938 1568 986 erat,

105 993 303 1036 nonnuttae
348 1009 458 1037 arma
508 1010 585 1038 non
632 997 850 1054 ponebant,
883 1006 926 1038 ut
968 997 1149 1054 Olynthii
1177 996 1223 1053 4).
1294 999 1452 1040 Etenim
1483 997 1567 1040 Co—

104 1060 239 1102 rinthii
292 1065 437 1105 nomini
493 1063 795 1105 Atheniensium
849 1078 1008 1120 semper
1062 1064 1329 1119 infestissimi,
1367 1066 1434 1122 qui
1473 1079 1566 1107 cum

103 1127 402 1183 Megarensibus
433 1137 473 1171 et
512 1131 671 1172 Boeotis
709 1139 748 1171 et
785 1130 889 1173 Eleis
920 1131 1026 1187 leges
1057 1133 1184 1187 pacis,
1221 1133 1367 1189 quippe
1398 1146 1489 1189 quae
1519 1133 1566 1174 iis

102 1194 381 1252 displicerent,
413 1196 510 1238 adeo
543 1206 586 1238 ut
617 1197 860 1255 aliquamdiu
895 1196 1153 1238 dissentirent
1185 1213 1204 1239 a
1233 1199 1566 1254 Lacedaemoniis,

102 1275 272 1318 quorum
310 1261 466 1305 fuerant
496 1265 611 1318 socii,
644 1263 906 1320 respuebant,
949 1263 1268 1307 Chalcidensium
1302 1265 1567 1307 incendebant

103 1327 276 1370 infensos
307 1331 458 1373 animos
489 1333 523 1372 in
556 1332 821 1373 Athenienses
852 1333 1025 1388 itemque
1057 1331 1348 1388 Peloponnesiis
1379 1331 1567 1388 indigna-

104 1394 248 1436 bundis
277 1396 735 1440 admovebantstimulos
760 1407 799 1440 et
817 1407 901 1440 tum
919 1400 1036 1439 etiam
1060 1399 1382 1442 Lacedaemonios
1404 1408 1566 1457 propter

102 1462 295 1517 ingratam
330 1478 466 1520 pacem
499 1466 661 1507 invidiae
691 1464 863 1521 objicere
889 1465 1119 1508 studebant.

237 1531 280 1571 In
321 1530 591 1589 Peloponneso
630 1542 765 1574 autem
803 1532 973 1591 populus
1013 1533 1175 1591 quidam
1214 1549 1236 1576 e
1267 1534 1433 1591 caligine
1465 1550 1565 1592 pro-

101 1595 226 1646 cedit,
258 1601 324 1655 qui
356 1599 506 1657 aliquot
537 1614 660 1642 annos
693 1599 812 1642 rebus
844 1601 962 1657 hujus
992 1599 1084 1643 belli
1114 1603 1353 1658 conspicuus
1383 1605 1563 1648 interest.

102 1664 246 1720 Argiva
293 1666 434 1708 civitas
478 1667 770 1725 antiquioribus
801 1667 1052 1725 temporibus
1098 1667 1399 1722 florentissima,
1447 1671 1565 1727 priori

103 1729 202 1773 bello
232 1746 306 1773 non
339 1733 541 1786 adsuerat,
574 1749 779 1792 quumque
806 1735 886 1791 jam
919 1737 1077 1790 triginta
1110 1738 1223 1778 annis
1253 1747 1345 1778 ante
1375 1737 1565 1781 Potidaeae

102 1798 363 1841 desectionem
396 1803 625 1843 societatem
659 1802 837 1844 iniissent
868 1817 958 1844 cum
988 1802 1300 1846 Atheniensibus
1328 1803 1361 1860 5)
1393 1813 1433 1846 et
1449 1806 1566 1848 simili

101 1878 245 1921 genere
267 1866 496 1924 reipublicae
517 1878 674 1910 utentes
707 1870 752 1911 iis
783 1879 974 1926 cuperent
995 1868 1049 1925 6),
1081 1879 1212 1913 tamen
1243 1886 1334 1913 cum
1366 1871 1567 1915 Lacedae—

103 1935 243 1976 moniis
289 1934 466 1976 inducias
514 1938 670 1992 triginta
712 1950 905 1978 annorum
940 1935 1160 1991 habebant,
1189 1952 1280 1995 quae
1311 1938 1450 1980 eodem
1482 1939 1566 1981 fere

103 2008 301 2058 tempore,
344 2016 422 2058 quo
475 2003 598 2044 Niciae
643 2018 720 2059 pax
762 2006 975 2045 constituta
1023 2014 1104 2059 est,
1135 2004 1371 2047 desmebant
1399 2005 1443 2061 7).
1515 2008 1563 2048 Hi

102 2069 242 2123 igitur,
289 2083 412 2126 quum
461 2079 641 2111 neutram
685 2079 835 2126 partem
869 2072 995 2112 secuti
1027 2071 1074 2112 ad
1109 2086 1289 2126 magnam
1322 2072 1566 2128 opulentiam

104 2138 329 2189 venissent,
362 2135 674 2178 Lacedaemoniis
704 2152 811 2179 arma
847 2140 1041 2178 intentare
1070 2137 1219 2180 audent
1250 2154 1387 2195 agrum
1421 2140 1566 2198 Cynu—

102 2205 202 2243 rium
251 2213 503 2258 reposcentes
541 2212 578 2244 et
613 2218 723 2260 spem
767 2206 1018 2245 temerariam
1064 2207 1268 2261 concipere
1300 2209 1450 2262 imperii
1483 2207 1567 2249 Pe·-
1632 2216 1635 2221 ’

103 2268 303 2325 loponnesi
331 2269 386 2324 ⁸),
407 2271 452 2312 ad
477 2285 594 2328 quam
614 2270 802 2313 Corinthii
825 2274 994 2313 maxime
1010 2286 1076 2312 eos
1093 2283 1307 2314 erexerunt
1349 2273 1392 2328 9).
1427 2276 1565 2331 ltaque

103 2340 272 2380 societas
301 2340 538 2393 Argivorum
569 2348 652 2379 orta
680 2348 761 2391 est,
789 2339 836 2378 ad
863 2353 980 2396 quam
1000 2339 1266 2382 Mantinenses
1290 2340 1342 2395 10)
1360 2349 1399 2382 et
1427 2341 1504 2383 Elei
1525 2350 1564 2382 et,

103 2404 298 2446 Corinthii
315 2420 404 2446 cum
427 2404 754 2448 Chalcidensibus
767 2406 943 2448 Thraciis
964 2419 1007 2447 se
1024 2405 1213 2463 deinceps
1231 2407 1481 2464 applicarunt
1502 2408 1563 2464 ¹1).

200 2525 223 2568 1)
249 2527 292 2558 v.
318 2525 372 2558 26.
574 2525 600 2567 ²)
626 2526 669 2556 v.
696 2525 738 2557 26
765 2531 798 2557 et
823 2526 884 2558 VI.
914 2527 986 2558 105.
1191 2525 1218 2569 ³)
1244 2528 1287 2559 v.
1314 2527 1353 2559 21
1382 2534 1415 2560 et
1439 2526 1493 2559 35.

196 2582 223 2623 4)
249 2583 293 2613 v.
319 2581 374 2615 39.
581 2581 607 2621 5)
632 2581 656 2612 1.
685 2582 759 2613 102.
902 2582 928 2624 6)
954 2583 994 2614 V.
1021 2583 1075 2615 44.
1195 2582 1220 2625 Τ)
1245 2583 1287 2615 v.
1316 2585 1358 2615 14
1382 2589 1415 2616 et
1439 2584 1493 2616 28.

197 2636 224 2680 ⁸)
250 2639 291 2670 A.
317 2639 340 2670 1.
580 2637 606 2680 ο)
632 2638 670 2669 v.
699 2639 751 2670 27.
904 2639 943 2682 ²⁰)
970 2641 1016 2671 v.
1042 2639 1095 2672 29.
1194 2639 1234 2683 ¹¹)
1259 2641 1303 2672 v.
1329 2639 1383 2672 31.
