<?xml version="1.0" encoding="UTF-8"?>
<!DOCTYPE html PUBLIC "-//W3C//DTD XHTML 1.0 Transitional//EN"
    "http://www.w3.org/TR/xhtml1/DTD/xhtml1-transitional.dtd">
<html xmlns="http://www.w3.org/1999/xhtml" xml:lang="en" lang="en">
 <head>
  <title>
</title>
<meta http-equiv="Content-Type" content="text/html;charset=utf-8" />
  <meta name='ocr-system' content='tesseract 3.04.00' />
  <meta name='ocr-capabilities' content='ocr_page ocr_carea ocr_par ocr_line ocrx_word'/>
</head>
<body>
  <div class='ocr_page' id='page_1' title='image "./colloquiumatheni00thucuoft_0010.png"; bbox 0 0 2014 3101; ppageno 0'>
   <div class='ocr_carea' id='block_1_1' title="bbox 1184 144 1208 183">
    <p class='ocr_par' dir='ltr' id='par_1_1' title="bbox 1184 144 1208 183">
     <span class='ocr_line' id='line_1_1' title="bbox 1184 144 1208 183; baseline 0 0"><span class='ocrx_word' id='word_1_1' title='bbox 1184 144 1208 183; x_wconf 83' lang='lat'>6</span> 
     </span>
    </p>
   </div>
   <div class='ocr_carea' id='block_1_2' title="bbox 465 249 1926 376">
    <p class='ocr_par' dir='ltr' id='par_1_2' title="bbox 465 249 1926 376">
     <span class='ocr_line' id='line_1_2' title="bbox 465 249 1926 308; baseline -0.001 -15"><span class='ocrx_word' id='word_1_2' title='bbox 465 260 550 293; x_wconf 84' lang='lat' dir='ltr'>erat</span> <span class='ocrx_word' id='word_1_3' title='bbox 581 253 865 305; x_wconf 84' lang='lat' dir='ltr'>constitutum,</span> <span class='ocrx_word' id='word_1_4' title='bbox 900 260 939 292; x_wconf 87' lang='lat' dir='ltr'>ut</span> <span class='ocrx_word' id='word_1_5' title='bbox 972 251 1114 308; x_wconf 81' lang='lat' dir='ltr'>Pylum</span> <span class='ocrx_word' id='word_1_6' title='bbox 1155 249 1465 293; x_wconf 73' lang='lat' dir='ltr'>Lacedaemoniis</span> <span class='ocrx_word' id='word_1_7' title='bbox 1503 250 1782 303; x_wconf 75' lang='lat' dir='ltr'><strong>restituerent,</strong></span> <span class='ocrx_word' id='word_1_8' title='bbox 1803 264 1926 291; x_wconf 88' lang='lat' dir='ltr'>num-</span> 
     </span>
     <span class='ocr_line' id='line_1_3' title="bbox 468 327 850 376; baseline 0 -16"><span class='ocrx_word' id='word_1_9' title='bbox 468 332 587 376; x_wconf 91' lang='lat' dir='ltr'>quam</span> <span class='ocrx_word' id='word_1_10' title='bbox 627 327 850 376; x_wconf 81' lang='lat' dir='ltr'>patrarunt.</span> 
     </span>
    </p>
   </div>
   <div class='ocr_carea' id='block_1_3' title="bbox 465 405 1941 2146">
    <p class='ocr_par' dir='ltr' id='par_1_3' title="bbox 465 405 1941 2146">
     <span class='ocr_line' id='line_1_4' title="bbox 602 405 1932 461; baseline -0.001 -12"><span class='ocrx_word' id='word_1_11' title='bbox 602 408 755 458; x_wconf 85' lang='lat' dir='ltr'>Quarto</span> <span class='ocrx_word' id='word_1_12' title='bbox 809 421 904 449; x_wconf 83' lang='lat' dir='ltr'>vero</span> <span class='ocrx_word' id='word_1_13' title='bbox 958 406 1110 450; x_wconf 89' lang='lat' dir='ltr'>decimo</span> <span class='ocrx_word' id='word_1_14' title='bbox 1145 422 1267 461; x_wconf 89' lang='lat' dir='ltr'>anno,</span> <span class='ocrx_word' id='word_1_15' title='bbox 1304 406 1372 450; x_wconf 92' lang='lat' dir='ltr'>ubi</span> <span class='ocrx_word' id='word_1_16' title='bbox 1410 405 1699 449; x_wconf 62' lang='lat' dir='ltr'>Lacedaemonii</span> <span class='ocrx_word' id='word_1_17' title='bbox 1737 405 1932 449; x_wconf 83' lang='lat' dir='ltr'>laboran-</span> 
     </span>
     <span class='ocr_line' id='line_1_5' title="bbox 466 472 1931 532; baseline -0.003 -14"><span class='ocrx_word' id='word_1_18' title='bbox 466 475 574 519; x_wconf 85' lang='lat' dir='ltr'><strong>tibus</strong></span> <span class='ocrx_word' id='word_1_19' title='bbox 613 473 838 531; x_wconf 82' lang='lat' dir='ltr'>Epidauriis</span> <span class='ocrx_word' id='word_1_20' title='bbox 875 483 914 517; x_wconf 81' lang='lat' dir='ltr'>et</span> <span class='ocrx_word' id='word_1_21' title='bbox 950 476 1035 517; x_wconf 90' lang='lat' dir='ltr'>suis</span> <span class='ocrx_word' id='word_1_22' title='bbox 1072 474 1205 517; x_wconf 89' lang='lat' dir='ltr'>dubiis</span> <span class='ocrx_word' id='word_1_23' title='bbox 1242 474 1589 532; x_wconf 84' lang='lat' dir='ltr'>Peloponnesiacis</span> <span class='ocrx_word' id='word_1_24' title='bbox 1616 472 1736 515; x_wconf 89' lang='lat' dir='ltr'>rebus</span> <span class='ocrx_word' id='word_1_25' title='bbox 1755 487 1931 516; x_wconf 87' lang='lat' dir='ltr'>succur—</span> 
     </span>
     <span class='ocr_line' id='line_1_6' title="bbox 465 540 1932 599; baseline -0.001 -15"><span class='ocrx_word' id='word_1_26' title='bbox 465 551 601 584; x_wconf 79' lang='lat' dir='ltr'>rentes</span> <span class='ocrx_word' id='word_1_27' title='bbox 653 540 880 597; x_wconf 74' lang='lat' dir='ltr'>ingentibus</span> <span class='ocrx_word' id='word_1_28' title='bbox 935 545 1060 599; x_wconf 77' lang='lat' dir='ltr'>copiis</span> <span class='ocrx_word' id='word_1_29' title='bbox 1113 544 1313 584; x_wconf 84' lang='lat' dir='ltr'>sociorum</span> <span class='ocrx_word' id='word_1_30' title='bbox 1368 551 1408 584; x_wconf 84' lang='lat' dir='ltr'>et</span> <span class='ocrx_word' id='word_1_31' title='bbox 1465 540 1861 598; x_wconf 81' lang='lat' dir='ltr'>Peloponnesiorum,</span> <span class='ocrx_word' id='word_1_32' title='bbox 1895 543 1932 583; x_wconf 92' lang='lat' dir='ltr'>in</span> 
     </span>
     <span class='ocr_line' id='line_1_7' title="bbox 467 606 1932 667; baseline -0.001 -16"><span class='ocrx_word' id='word_1_33' title='bbox 467 610 613 667; x_wconf 91' lang='lat' dir='ltr'>quibus</span> <span class='ocrx_word' id='word_1_34' title='bbox 642 618 755 651; x_wconf 77' lang='lat' dir='ltr'>erant</span> <span class='ocrx_word' id='word_1_35' title='bbox 787 608 999 664; x_wconf 82' lang='lat' dir='ltr'>Corinthii,</span> <span class='ocrx_word' id='word_1_36' title='bbox 1028 619 1068 652; x_wconf 79' lang='lat' dir='ltr'>et</span> <span class='ocrx_word' id='word_1_37' title='bbox 1104 610 1342 658; x_wconf 70' lang='lat' dir='ltr'>Boeotorum</span> <span class='ocrx_word' id='word_1_38' title='bbox 1373 624 1420 651; x_wconf 89' lang='lat' dir='ltr'>ac</span> <span class='ocrx_word' id='word_1_39' title='bbox 1456 610 1747 665; x_wconf 75' lang='lat' dir='ltr'>Megarensium</span> <span class='ocrx_word' id='word_1_40' title='bbox 1777 606 1932 650; x_wconf 84' lang='lat' dir='ltr'>adver-</span> 
     </span>
     <span class='ocr_line' id='line_1_8' title="bbox 465 675 1934 734; baseline -0.001 -15"><span class='ocrx_word' id='word_1_41' title='bbox 465 691 537 719; x_wconf 88' lang='lat' dir='ltr'>sus</span> <span class='ocrx_word' id='word_1_42' title='bbox 582 678 751 733; x_wconf 84' lang='lat' dir='ltr'>Argivos</span> <span class='ocrx_word' id='word_1_43' title='bbox 799 677 1129 734; x_wconf 78' lang='lat' dir='ltr'>proficiscuntur,</span> <span class='ocrx_word' id='word_1_44' title='bbox 1175 677 1213 719; x_wconf 89' lang='lat' dir='ltr'>hi</span> <span class='ocrx_word' id='word_1_45' title='bbox 1263 691 1355 718; x_wconf 92' lang='lat' dir='ltr'>cum</span> <span class='ocrx_word' id='word_1_46' title='bbox 1395 675 1710 719; x_wconf 83' lang='lat' dir='ltr'>Mantinensibus</span> <span class='ocrx_word' id='word_1_47' title='bbox 1748 684 1789 716; x_wconf 87' lang='lat' dir='ltr'>et</span> <span class='ocrx_word' id='word_1_48' title='bbox 1821 685 1934 732; x_wconf 84' lang='lat' dir='ltr'>parte</span> 
     </span>
     <span class='ocr_line' id='line_1_9' title="bbox 465 743 1935 801; baseline -0.001 -14"><span class='ocrx_word' id='word_1_49' title='bbox 465 743 673 796; x_wconf 84' lang='lat' dir='ltr'>Eleorum,</span> <span class='ocrx_word' id='word_1_50' title='bbox 726 758 817 801; x_wconf 80' lang='lat' dir='ltr'>quae</span> <span class='ocrx_word' id='word_1_51' title='bbox 869 760 1006 787; x_wconf 90' lang='lat' dir='ltr'>eorum</span> <span class='ocrx_word' id='word_1_52' title='bbox 1061 755 1194 786; x_wconf 83' lang='lat' dir='ltr'>castra</span> <span class='ocrx_word' id='word_1_53' title='bbox 1252 753 1315 786; x_wconf 84' lang='lat' dir='ltr'>est</span> <span class='ocrx_word' id='word_1_54' title='bbox 1358 753 1518 799; x_wconf 79' lang='lat' dir='ltr'>secuta,</span> <span class='ocrx_word' id='word_1_55' title='bbox 1565 756 1687 801; x_wconf 81' lang='lat' dir='ltr'>prope</span> <span class='ocrx_word' id='word_1_56' title='bbox 1740 743 1935 786; x_wconf 78' lang='lat' dir='ltr'>Nemeam</span> 
     </span>
     <span class='ocr_line' id='line_1_10' title="bbox 468 810 1934 868; baseline 0 -15"><span class='ocrx_word' id='word_1_57' title='bbox 468 814 843 854; x_wconf 84' lang='lat' dir='ltr'>circumveniuntur</span> <span class='ocrx_word' id='word_1_58' title='bbox 874 812 917 868; x_wconf 88' lang='lat'>1).</span> <span class='ocrx_word' id='word_1_59' title='bbox 991 812 1042 853; x_wconf 84' lang='lat' dir='ltr'>At</span> <span class='ocrx_word' id='word_1_60' title='bbox 1075 813 1110 852; x_wconf 89' lang='lat' dir='ltr'>in</span> <span class='ocrx_word' id='word_1_61' title='bbox 1151 826 1309 854; x_wconf 89' lang='lat' dir='ltr'>summo</span> <span class='ocrx_word' id='word_1_62' title='bbox 1357 810 1581 854; x_wconf 74' lang='lat' dir='ltr'>discrimine</span> <span class='ocrx_word' id='word_1_63' title='bbox 1618 824 1686 851; x_wconf 87' lang='lat' dir='ltr'>eos</span> <span class='ocrx_word' id='word_1_64' title='bbox 1724 820 1934 853; x_wconf 85' lang='lat' dir='ltr'>versantes</span> 
     </span>
     <span class='ocr_line' id='line_1_11' title="bbox 467 877 1935 937; baseline 0 -17"><span class='ocrx_word' id='word_1_65' title='bbox 467 877 545 921; x_wconf 88' lang='lat' dir='ltr'>duo</span> <span class='ocrx_word' id='word_1_66' title='bbox 576 879 734 933; x_wconf 76' lang='lat' dir='ltr'>Argivi,</span> <span class='ocrx_word' id='word_1_67' title='bbox 766 878 1001 922; x_wconf 68' lang='lat' dir='ltr'>Thiasxllus</span> <span class='ocrx_word' id='word_1_68' title='bbox 1038 894 1089 920; x_wconf 83' lang='lat' dir='ltr'>ex</span> <span class='ocrx_word' id='word_1_69' title='bbox 1120 881 1297 937; x_wconf 87' lang='lat' dir='ltr'>quinque</span> <span class='ocrx_word' id='word_1_70' title='bbox 1328 878 1568 936; x_wconf 79' lang='lat' dir='ltr'>proetoribus</span> <span class='ocrx_word' id='word_1_71' title='bbox 1594 891 1719 931; x_wconf 78' lang='lat' dir='ltr'>unuS,</span> <span class='ocrx_word' id='word_1_72' title='bbox 1744 879 1805 919; x_wconf 89' lang='lat' dir='ltr'>cui</span> <span class='ocrx_word' id='word_1_73' title='bbox 1824 880 1935 920; x_wconf 88' lang='lat' dir='ltr'>cives</span> 
     </span>
     <span class='ocr_line' id='line_1_12' title="bbox 468 913 1932 1004; baseline -0.001 -17"><span class='ocrx_word' id='word_1_74' title='bbox 468 960 540 1003; x_wconf 83' lang='lat' dir='ltr'>pro</span> <span class='ocrx_word' id='word_1_75' title='bbox 586 913 734 988; x_wconf 52' lang='lat' dir='ltr'>callida,</span> <span class='ocrx_word' id='word_1_76' title='bbox 779 946 1026 1002; x_wconf 84' lang='lat' dir='ltr'>providentia</span> <span class='ocrx_word' id='word_1_77' title='bbox 1073 948 1252 988; x_wconf 82' lang='lat' dir='ltr'>meiitam</span> <span class='ocrx_word' id='word_1_78' title='bbox 1292 944 1554 1004; x_wconf 84' lang='lat' dir='ltr'>dubitamque</span> <span class='ocrx_word' id='word_1_79' title='bbox 1591 945 1758 1001; x_wconf 71' lang='lat' dir='ltr'>giatiim</span> <span class='ocrx_word' id='word_1_80' title='bbox 1797 955 1932 1002; x_wconf 85' lang='lat' dir='ltr'>postea</span> 
     </span>
     <span class='ocr_line' id='line_1_13' title="bbox 469 1012 1936 1072; baseline 0 -18"><span class='ocrx_word' id='word_1_81' title='bbox 469 1028 543 1055; x_wconf 91' lang='lat' dir='ltr'>non</span> <span class='ocrx_word' id='word_1_82' title='bbox 583 1023 684 1055; x_wconf 82' lang='lat' dir='ltr'>retu.</span> <span class='ocrx_word' id='word_1_83' title='bbox 677 1012 828 1065; x_wconf 83' lang='lat' dir='ltr'>&#39;eiunt‚</span> <span class='ocrx_word' id='word_1_84' title='bbox 849 1013 1145 1072; x_wconf 83' lang='lat' dir='ltr'>etAlcipbron‚</span> <span class='ocrx_word' id='word_1_85' title='bbox 1167 1013 1673 1070; x_wconf 83' lang='lat' dir='ltr'>hospesLacedaemonius,</span> <span class='ocrx_word' id='word_1_86' title='bbox 1696 1027 1768 1053; x_wconf 92' lang='lat' dir='ltr'>non</span> <span class='ocrx_word' id='word_1_87' title='bbox 1803 1015 1936 1054; x_wconf 89' lang='lat' dir='ltr'>minus</span> 
     </span>
     <span class='ocr_line' id='line_1_14' title="bbox 468 1078 1936 1139; baseline -0.001 -16"><span class='ocrx_word' id='word_1_88' title='bbox 468 1095 586 1139; x_wconf 80' lang='lat' dir='ltr'>quam</span> <span class='ocrx_word' id='word_1_89' title='bbox 636 1083 751 1134; x_wconf 67' lang='lat' dir='ltr'>Agis,</span> <span class='ocrx_word' id='word_1_90' title='bbox 785 1095 856 1123; x_wconf 76' lang='lat' dir='ltr'>rex</span> <span class='ocrx_word' id='word_1_91' title='bbox 889 1080 1301 1131; x_wconf 75' lang='lat' dir='ltr'>Lacedaemoniorum,</span> <span class='ocrx_word' id='word_1_92' title='bbox 1333 1082 1399 1137; x_wconf 89' lang='lat' dir='ltr'>qui</span> <span class='ocrx_word' id='word_1_93' title='bbox 1432 1080 1576 1121; x_wconf 83' lang='lat' dir='ltr'>stolide</span> <span class='ocrx_word' id='word_1_94' title='bbox 1609 1078 1667 1121; x_wconf 78' lang='lat' dir='ltr'>liis</span> <span class='ocrx_word' id='word_1_95' title='bbox 1705 1079 1936 1137; x_wconf 79' lang='lat' dir='ltr'>potentibus</span> 
     </span>
     <span class='ocr_line' id='line_1_15' title="bbox 468 1145 1935 1206; baseline -0.001 -16"><span class='ocrx_word' id='word_1_96' title='bbox 468 1148 649 1190; x_wconf 79' lang='lat' dir='ltr'>inducias</span> <span class='ocrx_word' id='word_1_97' title='bbox 680 1158 852 1206; x_wconf 77' lang='lat' dir='ltr'>quatuor</span> <span class='ocrx_word' id='word_1_98' title='bbox 884 1163 1068 1190; x_wconf 88' lang='lat' dir='ltr'>mensum</span> <span class='ocrx_word' id='word_1_99' title='bbox 1099 1150 1317 1198; x_wconf 76' lang='lat' dir='ltr'>concessit,</span> <span class='ocrx_word' id='word_1_100' title='bbox 1356 1157 1581 1189; x_wconf 79' lang='lat' dir='ltr'>servarunt.</span> <span class='ocrx_word' id='word_1_101' title='bbox 1613 1145 1771 1198; x_wconf 84' lang='lat' dir='ltr'>Quibus</span> <span class='ocrx_word' id='word_1_102' title='bbox 1804 1156 1935 1188; x_wconf 81' lang='lat' dir='ltr'>tamen</span> 
     </span>
     <span class='ocr_line' id='line_1_16' title="bbox 467 1214 1934 1273; baseline -0.001 -16"><span class='ocrx_word' id='word_1_103' title='bbox 467 1217 604 1271; x_wconf 68' lang='lat' dir='ltr'>Argivi</span> <span class='ocrx_word' id='word_1_104' title='bbox 637 1216 826 1267; x_wconf 85' lang='lat' dir='ltr'>induciis,</span> <span class='ocrx_word' id='word_1_105' title='bbox 860 1225 1121 1273; x_wconf 68' lang='lat' dir='ltr'>posteaquam</span> <span class='ocrx_word' id='word_1_106' title='bbox 1154 1217 1277 1272; x_wconf 73' lang='lat' dir='ltr'>copias</span> <span class='ocrx_word' id='word_1_107' title='bbox 1314 1214 1641 1265; x_wconf 78' lang='lat' dir='ltr'>Atheniensium,</span> <span class='ocrx_word' id='word_1_108' title='bbox 1688 1215 1755 1271; x_wconf 89' lang='lat' dir='ltr'>qui</span> <span class='ocrx_word' id='word_1_109' title='bbox 1803 1216 1868 1255; x_wconf 90' lang='lat' dir='ltr'>uni</span> <span class='ocrx_word' id='word_1_110' title='bbox 1913 1229 1934 1256; x_wconf 79' lang='lat' dir='ltr'>a</span> 
     </span>
     <span class='ocr_line' id='line_1_17' title="bbox 467 1281 1938 1336; baseline -0.001 -12"><span class='ocrx_word' id='word_1_111' title='bbox 467 1285 666 1325; x_wconf 88' lang='lat' dir='ltr'>sociorum</span> <span class='ocrx_word' id='word_1_112' title='bbox 696 1285 841 1325; x_wconf 82' lang='lat' dir='ltr'>castris</span> <span class='ocrx_word' id='word_1_113' title='bbox 879 1282 1111 1336; x_wconf 79' lang='lat' dir='ltr'>abluerant,</span> <span class='ocrx_word' id='word_1_114' title='bbox 1141 1282 1414 1333; x_wconf 76' lang='lat' dir='ltr'>advenerunt,</span> <span class='ocrx_word' id='word_1_115' title='bbox 1454 1281 1658 1324; x_wconf 79' lang='lat' dir='ltr'>Alcibiade</span> <span class='ocrx_word' id='word_1_116' title='bbox 1679 1290 1842 1323; x_wconf 85' lang='lat' dir='ltr'>auctore</span> <span class='ocrx_word' id='word_1_117' title='bbox 1863 1296 1938 1323; x_wconf 89' lang='lat' dir='ltr'>non</span> 
     </span>
     <span class='ocr_line' id='line_1_18' title="bbox 471 1349 1940 1408; baseline -0.001 -16"><span class='ocrx_word' id='word_1_118' title='bbox 471 1353 721 1392; x_wconf 72' lang='lat' dir='ltr'>conservatis</span> <span class='ocrx_word' id='word_1_119' title='bbox 752 1352 924 1408; x_wconf 84' lang='lat' dir='ltr'>primum</span> <span class='ocrx_word' id='word_1_120' title='bbox 957 1350 1278 1404; x_wconf 70' lang='lat' dir='ltr'>Orchomenum,</span> <span class='ocrx_word' id='word_1_121' title='bbox 1298 1349 1508 1391; x_wconf 73' lang='lat' dir='ltr'>Arctiactiae</span> <span class='ocrx_word' id='word_1_122' title='bbox 1526 1349 1738 1406; x_wconf 86' lang='lat' dir='ltr'>oppidum,</span> <span class='ocrx_word' id='word_1_123' title='bbox 1756 1349 1940 1392; x_wconf 88' lang='lat' dir='ltr'>obsidio-</span> 
     </span>
     <span class='ocr_line' id='line_1_19' title="bbox 469 1415 1940 1472; baseline 0.001 -14"><span class='ocrx_word' id='word_1_124' title='bbox 469 1431 519 1458; x_wconf 87' lang='lat' dir='ltr'>ne</span> <span class='ocrx_word' id='word_1_125' title='bbox 548 1417 723 1460; x_wconf 86' lang='lat' dir='ltr'>clausam</span> <span class='ocrx_word' id='word_1_126' title='bbox 775 1417 824 1459; x_wconf 90' lang='lat' dir='ltr'>ad</span> <span class='ocrx_word' id='word_1_127' title='bbox 874 1433 916 1459; x_wconf 91' lang='lat' dir='ltr'>se</span> <span class='ocrx_word' id='word_1_128' title='bbox 964 1419 1138 1459; x_wconf 79' lang='lat' dir='ltr'>transire</span> <span class='ocrx_word' id='word_1_129' title='bbox 1178 1426 1417 1472; x_wconf 72' lang='lat' dir='ltr'>coegerunt,</span> <span class='ocrx_word' id='word_1_130' title='bbox 1450 1415 1592 1458; x_wconf 83' lang='lat' dir='ltr'>deinde</span> <span class='ocrx_word' id='word_1_131' title='bbox 1622 1415 1940 1459; x_wconf 86' lang='lat' dir='ltr'>Mantinensibus</span> 
     </span>
     <span class='ocr_line' id='line_1_20' title="bbox 470 1484 1940 1542; baseline -0.001 -16"><span class='ocrx_word' id='word_1_132' title='bbox 470 1499 621 1526; x_wconf 81' lang='lat' dir='ltr'>morem</span> <span class='ocrx_word' id='word_1_133' title='bbox 668 1495 877 1537; x_wconf 66' lang='lat' dir='ltr'>gerentes,</span> <span class='ocrx_word' id='word_1_134' title='bbox 931 1485 1242 1527; x_wconf 73' lang='lat' dir='ltr'>adversantibus</span> <span class='ocrx_word' id='word_1_135' title='bbox 1295 1484 1420 1538; x_wconf 86' lang='lat' dir='ltr'>Eleis,</span> <span class='ocrx_word' id='word_1_136' title='bbox 1471 1486 1536 1541; x_wconf 92' lang='lat' dir='ltr'>qui</span> <span class='ocrx_word' id='word_1_137' title='bbox 1583 1498 1710 1542; x_wconf 87' lang='lat' dir='ltr'>quum</span> <span class='ocrx_word' id='word_1_138' title='bbox 1741 1484 1940 1541; x_wconf 75' lang='lat' dir='ltr'>Lepreum</span> 
     </span>
     <span class='ocr_line' id='line_1_21' title="bbox 470 1550 1941 1609; baseline -0.001 -16"><span class='ocrx_word' id='word_1_139' title='bbox 470 1561 744 1609; x_wconf 61' lang='lat' dir='ltr'>oppugnatum</span> <span class='ocrx_word' id='word_1_140' title='bbox 784 1553 836 1595; x_wconf 89' lang='lat' dir='ltr'>illi</span> <span class='ocrx_word' id='word_1_141' title='bbox 874 1551 1066 1609; x_wconf 66' lang='lat' dir='ltr'>proticisci</span> <span class='ocrx_word' id='word_1_142' title='bbox 1096 1552 1262 1605; x_wconf 75' lang='lat' dir='ltr'>nollent,</span> <span class='ocrx_word' id='word_1_143' title='bbox 1293 1567 1368 1592; x_wconf 91' lang='lat' dir='ltr'>non</span> <span class='ocrx_word' id='word_1_144' title='bbox 1399 1560 1492 1593; x_wconf 87' lang='lat' dir='ltr'>sunt</span> <span class='ocrx_word' id='word_1_145' title='bbox 1522 1553 1670 1603; x_wconf 83' lang='lat' dir='ltr'>secuti,</span> <span class='ocrx_word' id='word_1_146' title='bbox 1698 1550 1747 1593; x_wconf 84' lang='lat' dir='ltr'>ad</span> <span class='ocrx_word' id='word_1_147' title='bbox 1768 1552 1941 1605; x_wconf 74' lang='lat' dir='ltr'>Tegeam</span> 
     </span>
     <span class='ocr_line' id='line_1_22' title="bbox 472 1618 1940 1676; baseline 0 -16"><span class='ocrx_word' id='word_1_148' title='bbox 472 1619 780 1671; x_wconf 66' lang='lat' dir='ltr'>aggrediendam</span> <span class='ocrx_word' id='word_1_149' title='bbox 843 1635 885 1662; x_wconf 86' lang='lat' dir='ltr'>se</span> <span class='ocrx_word' id='word_1_150' title='bbox 945 1618 1141 1676; x_wconf 71' lang='lat' dir='ltr'>parabant</span> <span class='ocrx_word' id='word_1_151' title='bbox 1193 1620 1405 1661; x_wconf 62' lang='lat' dir='ltr'>Mantineae</span> <span class='ocrx_word' id='word_1_152' title='bbox 1431 1618 1476 1675; x_wconf 87' lang='lat'>2).</span> <span class='ocrx_word' id='word_1_153' title='bbox 1548 1620 1642 1674; x_wconf 74' lang='lat' dir='ltr'>Agis</span> <span class='ocrx_word' id='word_1_154' title='bbox 1703 1632 1796 1660; x_wconf 88' lang='lat' dir='ltr'>vero</span> <span class='ocrx_word' id='word_1_155' title='bbox 1847 1632 1940 1660; x_wconf 89' lang='lat' dir='ltr'>cum</span> 
     </span>
     <span class='ocr_line' id='line_1_23' title="bbox 470 1686 1940 1744; baseline 0 -17"><span class='ocrx_word' id='word_1_156' title='bbox 470 1686 653 1729; x_wconf 87' lang='lat' dir='ltr'>omnibus</span> <span class='ocrx_word' id='word_1_157' title='bbox 685 1687 1014 1740; x_wconf 68' lang='lat' dir='ltr'>Lac‹›daemoniis‚</span> <span class='ocrx_word' id='word_1_158' title='bbox 1045 1688 1110 1744; x_wconf 86' lang='lat' dir='ltr'>qui</span> <span class='ocrx_word' id='word_1_159' title='bbox 1144 1701 1254 1728; x_wconf 80' lang='lat' dir='ltr'>arma</span> <span class='ocrx_word' id='word_1_160' title='bbox 1293 1687 1396 1728; x_wconf 73' lang='lat' dir='ltr'>ferre</span> <span class='ocrx_word' id='word_1_161' title='bbox 1434 1695 1639 1744; x_wconf 71' lang='lat' dir='ltr'>poterant,</span> <span class='ocrx_word' id='word_1_162' title='bbox 1677 1695 1791 1727; x_wconf 77' lang='lat' dir='ltr'>sexta</span> <span class='ocrx_word' id='word_1_163' title='bbox 1825 1695 1940 1743; x_wconf 81' lang='lat' dir='ltr'>parte</span> 
     </span>
     <span class='ocr_line' id='line_1_24' title="bbox 471 1753 1941 1812; baseline 0.001 -19"><span class='ocrx_word' id='word_1_164' title='bbox 471 1763 660 1811; x_wconf 71' lang='lat' dir='ltr'>excepta,</span> <span class='ocrx_word' id='word_1_165' title='bbox 699 1770 789 1812; x_wconf 83' lang='lat' dir='ltr'>quae</span> <span class='ocrx_word' id='word_1_166' title='bbox 821 1755 923 1796; x_wconf 90' lang='lat' dir='ltr'>domi</span> <span class='ocrx_word' id='word_1_167' title='bbox 966 1753 1138 1810; x_wconf 78' lang='lat' dir='ltr'>praesidii</span> <span class='ocrx_word' id='word_1_168' title='bbox 1176 1755 1333 1795; x_wconf 80' lang='lat' dir='ltr'>nomine</span> <span class='ocrx_word' id='word_1_169' title='bbox 1366 1755 1573 1803; x_wconf 65' lang='lat' dir='ltr'>remansit,</span> <span class='ocrx_word' id='word_1_170' title='bbox 1616 1764 1652 1795; x_wconf 90' lang='lat' dir='ltr'>et</span> <span class='ocrx_word' id='word_1_171' title='bbox 1686 1768 1777 1794; x_wconf 86' lang='lat' dir='ltr'>cum</span> <span class='ocrx_word' id='word_1_172' title='bbox 1807 1756 1941 1796; x_wconf 83' lang='lat' dir='ltr'>Arca—</span> 
     </span>
     <span class='ocr_line' id='line_1_25' title="bbox 471 1819 1941 1879; baseline -0.001 -18"><span class='ocrx_word' id='word_1_173' title='bbox 471 1819 589 1863; x_wconf 85' lang='lat' dir='ltr'>dibus</span> <span class='ocrx_word' id='word_1_174' title='bbox 616 1821 828 1864; x_wconf 80' lang='lat' dir='ltr'>foederatis</span> <span class='ocrx_word' id='word_1_175' title='bbox 867 1824 913 1863; x_wconf 89' lang='lat' dir='ltr'>iis</span> <span class='ocrx_word' id='word_1_176' title='bbox 949 1820 1107 1863; x_wconf 73' lang='lat' dir='ltr'>obviam</span> <span class='ocrx_word' id='word_1_177' title='bbox 1142 1823 1335 1879; x_wconf 73' lang='lat' dir='ltr'>processit</span> <span class='ocrx_word' id='word_1_178' title='bbox 1364 1820 1408 1875; x_wconf 77' lang='lat'>3).</span> <span class='ocrx_word' id='word_1_179' title='bbox 1481 1823 1598 1877; x_wconf 64' lang='lat' dir='ltr'>Isque</span> <span class='ocrx_word' id='word_1_180' title='bbox 1635 1821 1773 1862; x_wconf 69' lang='lat' dir='ltr'>decem</span> <span class='ocrx_word' id='word_1_181' title='bbox 1808 1823 1941 1878; x_wconf 75' lang='lat' dir='ltr'>Spar-</span> 
     </span>
     <span class='ocr_line' id='line_1_26' title="bbox 473 1887 1939 1946; baseline 0 -17"><span class='ocrx_word' id='word_1_182' title='bbox 473 1889 580 1929; x_wconf 81' lang='lat' dir='ltr'>tiatis</span> <span class='ocrx_word' id='word_1_183' title='bbox 631 1889 939 1939; x_wconf 68' lang='lat' dir='ltr'>comitantibus,</span> <span class='ocrx_word' id='word_1_184' title='bbox 988 1890 1054 1946; x_wconf 91' lang='lat' dir='ltr'>qui</span> <span class='ocrx_word' id='word_1_185' title='bbox 1106 1898 1264 1945; x_wconf 74' lang='lat' dir='ltr'>propter</span> <span class='ocrx_word' id='word_1_186' title='bbox 1312 1904 1393 1929; x_wconf 79' lang='lat' dir='ltr'>rem</span> <span class='ocrx_word' id='word_1_187' title='bbox 1445 1889 1548 1930; x_wconf 74' lang='lat' dir='ltr'>illam</span> <span class='ocrx_word' id='word_1_188' title='bbox 1582 1887 1682 1930; x_wconf 83' lang='lat' dir='ltr'>male</span> <span class='ocrx_word' id='word_1_189' title='bbox 1713 1898 1867 1943; x_wconf 72' lang='lat' dir='ltr'>gestam</span> <span class='ocrx_word' id='word_1_190' title='bbox 1905 1889 1939 1929; x_wconf 89' lang='lat' dir='ltr'>ei</span> 
     </span>
     <span class='ocr_line' id='line_1_27' title="bbox 472 1955 1940 2013; baseline 0.001 -17"><span class='ocrx_word' id='word_1_191' title='bbox 472 1956 684 1998; x_wconf 80' lang='lat' dir='ltr'>consiliarii</span> <span class='ocrx_word' id='word_1_192' title='bbox 729 1956 810 1998; x_wconf 81' lang='lat' dir='ltr'>dati</span> <span class='ocrx_word' id='word_1_193' title='bbox 863 1966 998 2009; x_wconf 81' lang='lat' dir='ltr'>erant,</span> <span class='ocrx_word' id='word_1_194' title='bbox 1047 1971 1094 1998; x_wconf 70' lang='lat' dir='ltr'>eo</span> <span class='ocrx_word' id='word_1_195' title='bbox 1142 1955 1301 2013; x_wconf 80' lang='lat' dir='ltr'>quidem</span> <span class='ocrx_word' id='word_1_196' title='bbox 1354 1965 1532 2011; x_wconf 79' lang='lat' dir='ltr'>tempore</span> <span class='ocrx_word' id='word_1_197' title='bbox 1587 1958 1729 2006; x_wconf 61' lang='lat' dir='ltr'>ingenii</span> <span class='ocrx_word' id='word_1_198' title='bbox 1768 1956 1940 2012; x_wconf 85' lang='lat' dir='ltr'>quodam</span> 
     </span>
     <span class='ocr_line' id='line_1_28' title="bbox 472 2023 1941 2081; baseline 0.001 -18"><span class='ocrx_word' id='word_1_199' title='bbox 472 2023 664 2066; x_wconf 83' lang='lat' dir='ltr'>instinctu</span> <span class='ocrx_word' id='word_1_200' title='bbox 701 2023 846 2066; x_wconf 82' lang='lat' dir='ltr'>ductus</span> <span class='ocrx_word' id='word_1_201' title='bbox 877 2039 920 2064; x_wconf 84' lang='lat' dir='ltr'>sc</span> <span class='ocrx_word' id='word_1_202' title='bbox 952 2025 1101 2079; x_wconf 82' lang='lat' dir='ltr'>optime</span> <span class='ocrx_word' id='word_1_203' title='bbox 1141 2025 1265 2079; x_wconf 70' lang='lat' dir='ltr'>gessit</span> <span class='ocrx_word' id='word_1_204' title='bbox 1296 2032 1333 2065; x_wconf 85' lang='lat' dir='ltr'>et</span> <span class='ocrx_word' id='word_1_205' title='bbox 1366 2023 1502 2065; x_wconf 82' lang='lat' dir='ltr'>hostes</span> <span class='ocrx_word' id='word_1_206' title='bbox 1535 2025 1571 2065; x_wconf 91' lang='lat' dir='ltr'>in</span> <span class='ocrx_word' id='word_1_207' title='bbox 1605 2023 1762 2081; x_wconf 75' lang='lat' dir='ltr'>planitie</span> <span class='ocrx_word' id='word_1_208' title='bbox 1792 2023 1941 2065; x_wconf 81' lang='lat' dir='ltr'>Manti-</span> 
     </span>
     <span class='ocr_line' id='line_1_29' title="bbox 472 2090 977 2146; baseline 0.002 -14"><span class='ocrx_word' id='word_1_209' title='bbox 472 2092 582 2132; x_wconf 86' lang='lat' dir='ltr'>nensi</span> <span class='ocrx_word' id='word_1_210' title='bbox 618 2090 725 2133; x_wconf 80' lang='lat' dir='ltr'>fusos</span> <span class='ocrx_word' id='word_1_211' title='bbox 763 2092 911 2133; x_wconf 79' lang='lat' dir='ltr'>devicit</span> <span class='ocrx_word' id='word_1_212' title='bbox 931 2091 977 2146; x_wconf 60' lang='lat'>4).</span> 
     </span>
    </p>
   </div>
   <div class='ocr_carea' id='block_1_4' title="bbox 473 2179 1944 2576">
    <p class='ocr_par' dir='ltr' id='par_1_4' title="bbox 473 2179 1944 2576">
     <span class='ocr_line' id='line_1_30' title="bbox 610 2179 1942 2239; baseline 0.002 -18"><span class='ocrx_word' id='word_1_213' title='bbox 610 2181 747 2230; x_wconf 63' lang='lat' dir='ltr'>Argivi</span> <span class='ocrx_word' id='word_1_214' title='bbox 805 2181 880 2223; x_wconf 80' lang='lat' dir='ltr'>bac</span> <span class='ocrx_word' id='word_1_215' title='bbox 927 2180 1040 2223; x_wconf 77' lang='lat' dir='ltr'>clade</span> <span class='ocrx_word' id='word_1_216' title='bbox 1085 2180 1233 2239; x_wconf 75' lang='lat' dir='ltr'>proelio</span> <span class='ocrx_word' id='word_1_217' title='bbox 1287 2190 1474 2237; x_wconf 75' lang='lat' dir='ltr'>accepta,</span> <span class='ocrx_word' id='word_1_218' title='bbox 1521 2194 1599 2237; x_wconf 92' lang='lat' dir='ltr'>quo</span> <span class='ocrx_word' id='word_1_219' title='bbox 1632 2179 1781 2222; x_wconf 87' lang='lat' dir='ltr'>nullum</span> <span class='ocrx_word' id='word_1_220' title='bbox 1815 2180 1942 2237; x_wconf 86' lang='lat' dir='ltr'>majus</span> 
     </span>
     <span class='ocr_line' id='line_1_31' title="bbox 474 2247 1943 2306; baseline 0.001 -17"><span class='ocrx_word' id='word_1_221' title='bbox 474 2248 575 2289; x_wconf 80' lang='lat' dir='ltr'>inter</span> <span class='ocrx_word' id='word_1_222' title='bbox 622 2248 786 2290; x_wconf 77' lang='lat' dir='ltr'>Graecos</span> <span class='ocrx_word' id='word_1_223' title='bbox 833 2248 1060 2306; x_wconf 78' lang='lat' dir='ltr'>longissimo</span> <span class='ocrx_word' id='word_1_224' title='bbox 1114 2256 1293 2304; x_wconf 81' lang='lat' dir='ltr'>tempore</span> <span class='ocrx_word' id='word_1_225' title='bbox 1335 2247 1479 2290; x_wconf 77' lang='lat' dir='ltr'>abhinc</span> <span class='ocrx_word' id='word_1_226' title='bbox 1515 2261 1643 2304; x_wconf 83' lang='lat' dir='ltr'>neque</span> <span class='ocrx_word' id='word_1_227' title='bbox 1674 2261 1694 2288; x_wconf 87' lang='lat' dir='ltr'>a</span> <span class='ocrx_word' id='word_1_228' title='bbox 1729 2247 1943 2303; x_wconf 85' lang='lat' dir='ltr'>majoribus</span> 
     </span>
     <span class='ocr_line' id='line_1_32' title="bbox 473 2315 1942 2373; baseline 0 -17"><span class='ocrx_word' id='word_1_229' title='bbox 473 2315 709 2357; x_wconf 77' lang='lat' dir='ltr'>civitatibus</span> <span class='ocrx_word' id='word_1_230' title='bbox 759 2315 906 2358; x_wconf 78' lang='lat' dir='ltr'>sactum</span> <span class='ocrx_word' id='word_1_231' title='bbox 957 2325 1037 2369; x_wconf 85' lang='lat' dir='ltr'>est,</span> <span class='ocrx_word' id='word_1_232' title='bbox 1083 2318 1134 2358; x_wconf 90' lang='lat' dir='ltr'>ita</span> <span class='ocrx_word' id='word_1_233' title='bbox 1165 2325 1259 2358; x_wconf 82' lang='lat' dir='ltr'>sunt</span> <span class='ocrx_word' id='word_1_234' title='bbox 1297 2315 1488 2373; x_wconf 82' lang='lat' dir='ltr'>perculsi,</span> <span class='ocrx_word' id='word_1_235' title='bbox 1528 2324 1592 2369; x_wconf 85' lang='lat' dir='ltr'>ut,</span> <span class='ocrx_word' id='word_1_236' title='bbox 1629 2317 1702 2356; x_wconf 72' lang='lat' dir='ltr'>etsi</span> <span class='ocrx_word' id='word_1_237' title='bbox 1745 2315 1942 2356; x_wconf 71' lang='lat' dir='ltr'>Lacedae-</span> 
     </span>
     <span class='ocr_line' id='line_1_33' title="bbox 473 2381 1943 2440; baseline 0 -17"><span class='ocrx_word' id='word_1_238' title='bbox 473 2383 588 2424; x_wconf 88' lang='lat' dir='ltr'>monii</span> <span class='ocrx_word' id='word_1_239' title='bbox 643 2381 816 2425; x_wconf 72' lang='lat' dir='ltr'>Carncas</span> <span class='ocrx_word' id='word_1_240' title='bbox 862 2385 976 2426; x_wconf 76' lang='lat' dir='ltr'>letias</span> <span class='ocrx_word' id='word_1_241' title='bbox 1020 2393 1185 2439; x_wconf 66' lang='lat' dir='ltr'>agentes</span> <span class='ocrx_word' id='word_1_242' title='bbox 1238 2386 1412 2440; x_wconf 85' lang='lat' dir='ltr'>spatium</span> <span class='ocrx_word' id='word_1_243' title='bbox 1462 2385 1601 2425; x_wconf 82' lang='lat' dir='ltr'>virium</span> <span class='ocrx_word' id='word_1_244' title='bbox 1642 2381 1943 2424; x_wconf 74' lang='lat' dir='ltr'>reficiendarum</span> 
     </span>
     <span class='ocr_line' id='line_1_34' title="bbox 473 2449 1944 2509; baseline 0 -19"><span class='ocrx_word' id='word_1_245' title='bbox 473 2449 624 2491; x_wconf 87' lang='lat' dir='ltr'>dabant</span> <span class='ocrx_word' id='word_1_246' title='bbox 657 2452 724 2504; x_wconf 72' lang='lat' dir='ltr'>its,</span> <span class='ocrx_word' id='word_1_247' title='bbox 761 2451 865 2508; x_wconf 84' lang='lat' dir='ltr'>qnod</span> <span class='ocrx_word' id='word_1_248' title='bbox 907 2454 1030 2493; x_wconf 65' lang='lat' dir='ltr'>ceteri</span> <span class='ocrx_word' id='word_1_249' title='bbox 1062 2451 1222 2509; x_wconf 79' lang='lat' dir='ltr'>quidem</span> <span class='ocrx_word' id='word_1_250' title='bbox 1257 2453 1352 2492; x_wconf 72' lang='lat' dir='ltr'>socii</span> <span class='ocrx_word' id='word_1_251' title='bbox 1391 2451 1437 2491; x_wconf 79' lang='lat' dir='ltr'>ad</span> <span class='ocrx_word' id='word_1_252' title='bbox 1480 2450 1724 2508; x_wconf 68' lang='lat' dir='ltr'>Epidaurum</span> <span class='ocrx_word' id='word_1_253' title='bbox 1760 2453 1944 2492; x_wconf 85' lang='lat' dir='ltr'>circum—</span> 
     </span>
     <span class='ocr_line' id='line_1_35' title="bbox 475 2516 1940 2576; baseline 0.001 -19"><span class='ocrx_word' id='word_1_254' title='bbox 475 2516 697 2559; x_wconf 82' lang='lat' dir='ltr'>vallandam</span> <span class='ocrx_word' id='word_1_255' title='bbox 753 2519 1031 2572; x_wconf 81' lang='lat' dir='ltr'>contulerunt,</span> <span class='ocrx_word' id='word_1_256' title='bbox 1086 2529 1296 2576; x_wconf 76' lang='lat' dir='ltr'>postquam</span> <span class='ocrx_word' id='word_1_257' title='bbox 1352 2518 1401 2560; x_wconf 91' lang='lat' dir='ltr'>illi</span> <span class='ocrx_word' id='word_1_258' title='bbox 1462 2533 1510 2560; x_wconf 71' lang='lat' dir='ltr'>ex</span> <span class='ocrx_word' id='word_1_259' title='bbox 1567 2517 1675 2558; x_wconf 83' lang='lat' dir='ltr'>scriis</span> <span class='ocrx_word' id='word_1_260' title='bbox 1721 2520 1862 2559; x_wconf 80' lang='lat' dir='ltr'>castris</span> <span class='ocrx_word' id='word_1_261' title='bbox 1892 2516 1940 2559; x_wconf 85' lang='lat' dir='ltr'>ad</span> 
     </span>
    </p>
   </div>
   <div class='ocr_carea' id='block_1_5' title="bbox 568 2637 1676 2736">
    <p class='ocr_par' dir='ltr' id='par_1_5' title="bbox 568 2637 1676 2736">
     <span class='ocr_line' id='line_1_36' title="bbox 572 2637 1676 2682; baseline 0.001 -13"><span class='ocrx_word' id='word_1_262' title='bbox 572 2638 593 2678; x_wconf 87' lang='lat'>¹)</span> <span class='ocrx_word' id='word_1_263' title='bbox 620 2639 658 2669; x_wconf 79' lang='lat' dir='ltr'>v.</span> <span class='ocrx_word' id='word_1_264' title='bbox 686 2637 831 2672; x_wconf 67' lang='grc' dir='ltr'>ὅτ’-59.</span> <span class='ocrx_word' id='word_1_265' title='bbox 1017 2641 1042 2682; x_wconf 69' lang='lat'>2)</span> <span class='ocrx_word' id='word_1_266' title='bbox 1069 2641 1110 2672; x_wconf 64' lang='lat' dir='ltr'>V</span> <span class='ocrx_word' id='word_1_267' title='bbox 1139 2640 1178 2673; x_wconf 80' lang='lat'>61</span> <span class='ocrx_word' id='word_1_268' title='bbox 1209 2647 1240 2672; x_wconf 68' lang='lat' dir='ltr'>ot</span> <span class='ocrx_word' id='word_1_269' title='bbox 1267 2640 1320 2673; x_wconf 80' lang='lat'>62.</span> <span class='ocrx_word' id='word_1_270' title='bbox 1503 2638 1528 2680; x_wconf 71' lang='grc'>3)</span> <span class='ocrx_word' id='word_1_271' title='bbox 1555 2639 1595 2670; x_wconf 80' lang='lat' dir='ltr'>v.</span> <span class='ocrx_word' id='word_1_272' title='bbox 1623 2637 1676 2670; x_wconf 72' lang='lat'>64.</span> 
     </span>
     <span class='ocr_line' id='line_1_37' title="bbox 568 2696 838 2736; baseline 0.011 -10"><span class='ocrx_word' id='word_1_273' title='bbox 568 2697 594 2736; x_wconf 44' lang='grc' dir='ltr'>ἦ)</span> <span class='ocrx_word' id='word_1_274' title='bbox 623 2696 664 2727; x_wconf 72' lang='lat' dir='ltr'>v.</span> <span class='ocrx_word' id='word_1_275' title='bbox 694 2696 838 2729; x_wconf 45' lang='lat'>6544.</span> 
     </span>
    </p>
   </div>
  </div>
 </body>
</html>
