2014 3101
1063 141 1119 184 ¹16

357 254 417 296 Cl.
489 254 579 296 Atl1.
627 254 712 295 Non
751 255 823 306 ita,
860 255 891 293 si
929 250 1089 309 quidem
1128 251 1346 309 prudenter
1363 251 1645 294 consultaritis.
1683 253 1822 312 Neque

357 324 459 364 enim
511 320 559 363 de
612 322 759 362 virtute
813 318 928 361 vobis
977 332 1091 376 aequa
1143 317 1366 360 conditione
1413 326 1475 360 est
1511 328 1737 374 certamen,
1772 335 1821 362 ne

359 388 535 431 dedecus
593 387 837 440 admittatis⁷
895 385 990 446 seds,
1027 385 1076 426 de
1128 384 1256 428 salute
1311 386 1442 441 potius
1490 386 1719 441 consilium,
1774 402 1822 429 ue

361 457 473 512 longe
514 452 806 512 potentioribus
845 444 1053 496 resistatis.

358 589 438 631 CII.
510 588 600 630 Mel.
637 588 688 629 At.
724 589 873 629 scimus
912 601 974 629 res
1010 585 1176 629 bellicas
1215 599 1514 644 nonnumquam
1555 589 1680 642 magis
1710 602 1825 630 com-

359 658 465 697 muni
511 658 673 697 evenire
719 655 868 705 Marte,
911 668 1033 712 quam
1078 668 1148 711 pro
1193 652 1342 711 dispari
1382 661 1645 712 utrorumque
1682 654 1825 696 multi—

361 721 509 765 tudine.
581 723 771 765 Ceterum
823 720 955 774 nobis,
1008 723 1040 763 si
1093 722 1357 773 cesserimus,
1392 722 1578 763 continuo
1617 721 1710 764 nibil
1749 723 1826 764 erit

358 791 464 847 spei,
519 790 613 832 dum
671 804 766 843 vero
815 797 978 831 strenue
1032 789 1181 845 agitur,
1226 790 1345 830 etiam
1385 802 1491 830 nunc
1528 803 1610 830 rem
1651 798 1826 831 nostram

359 872 453 915 spes
490 856 756 899 sustentandi.

360 991 460 1034 CIII.
533 992 626 1034 Ath.
698 993 800 1049 Spes
838 1005 954 1047 vero,
1005 993 1227 1033 animorum
1281 991 1316 1032 in
1363 988 1549 1048 periculis
1591 989 1826 1043 consolatio,

359 1073 449 1114 eos,
483 1061 551 1118 qui
607 1063 758 1115 magnis
812 1061 934 1117 copiis
981 1060 1107 1100 ornati
1147 1072 1193 1099 ea
1229 1065 1419 1112 utuntur,
1455 1057 1575 1099 etiam
1611 1059 1643 1100 si
1682 1057 1828 1101 damno

360 1126 528 1183 alliciat,
565 1141 640 1169 non
678 1125 860 1169 funditus
897 1125 1038 1184 perdit.
1113 1125 1261 1168 Verum
1299 1127 1366 1183 qui
1404 1138 1542 1166 omnes
1580 1124 1761 1168 fortunas
1789 1126 1828 1167 in

359 1193 486 1237 aleam
525 1194 619 1237 dant
657 1219 719 1226 —
758 1208 848 1236 nam
895 1193 957 1236 illa
1002 1202 1064 1236 est
1102 1202 1245 1235 natura
1293 1192 1400 1249 larga
1441 1192 1648 1248 promissis
1684 1217 1746 1225 —
1784 1194 1829 1235 iis

359 1272 398 1304 et
436 1261 565 1320 qualis
616 1264 668 1303 sit
723 1261 976 1318 intelligitur,
1028 1275 1152 1320 quum
1209 1259 1306 1317 lapsi
1360 1268 1474 1311 sunt,
1513 1274 1642 1317 neque
1678 1261 1716 1302 in
1750 1274 1829 1318 quo

357 1330 438 1386 jam
494 1330 717 1372 cautionem
768 1331 858 1387 quis
910 1330 997 1385 ejus
1050 1329 1217 1383 cognitae
1254 1326 1443 1370 adbibere
1479 1328 1604 1384 possit
1641 1325 1830 1385 relinquit

360 1398 585 1455 quicquam.
655 1395 770 1447 Quod
808 1411 900 1448 vos,
938 1397 1005 1454 qui
1043 1394 1185 1439 infirmi
1222 1397 1321 1437 estis
1356 1404 1477 1452 atque
1513 1407 1592 1436 uno
1629 1402 1829 1437 momento

359 1468 472 1523 quasi
511 1463 725 1517 libramini,
764 1462 925 1506 nolitote
961 1463 1134 1521 experiri
1153 1477 1280 1520 neque
1309 1460 1461 1504 similes
1489 1460 1691 1519 plerisque
1718 1474 1829 1516 esse,

361 1531 508 1590 quibus
545 1546 668 1589 quum
725 1530 838 1573 liceat
897 1544 970 1588 ope
1009 1530 1273 1573 humanarum
1313 1543 1447 1571 rerum
1482 1526 1616 1570 adhuc
1651 1531 1827 1582 servari,

361 1600 427 1640 ubi
466 1614 533 1641 eos
573 1598 797 1640 laborantes
843 1597 1117 1639 destituerunt
1162 1606 1283 1639 certae
1327 1610 1439 1654 spes,
1488 1594 1536 1636 ad
1576 1597 1748 1638 incertas
1784 1610 1828 1638 se

361 1666 572 1708 conferunt
612 1667 878 1722 vaticiniaque
915 1673 954 1706 et
993 1663 1152 1706 oracula
1191 1673 1230 1707 et
1267 1677 1520 1722 quaecunque
1557 1663 1643 1718 ejus
1668 1665 1829 1720 generis

364 1747 464 1775 vana
499 1747 571 1790 spe
609 1731 796 1774 mortales
836 1739 1083 1788 pervertunt.

361 1865 461 1908 CIV.
535 1865 624 1908 Mel.
671 1864 835 1907 Difficile
867 1879 936 1907 nos
974 1879 1153 1922 quoque,
1189 1866 1244 1907 sic
1280 1879 1351 1923 pro
1386 1874 1496 1908 certo
1533 1863 1696 1919 habete,
1734 1863 1829 1907 illud

361 1933 523 1991 quidem
569 1932 752 1974 futurum
796 1945 1007 1974 censemus
1056 1947 1131 1974 non
1177 1931 1307 1975 solum
1351 1946 1442 1974 cum
1481 1931 1623 1990 opibus
1659 1934 1830 1988 vestris,

361 1999 432 2042 sed
484 2002 606 2042 etiam
656 2013 748 2041 cum
802 1998 956 2042 fortuna
1014 2000 1086 2041 nisi
1141 2008 1298 2057 aequata
1355 2000 1580 2042 conditione
1623 2007 1829 2042 certamen

361 2068 573 2109 sustinere.
647 2067 792 2108 Verum
839 2076 968 2108 tamen
1016 2076 1056 2107 et
1101 2067 1255 2108 fortuna
1295 2066 1369 2109 deo
1401 2067 1570 2123 juvante
1606 2081 1684 2108 non
1721 2065 1830 2109 infe-

362 2140 486 2176 riores
522 2149 592 2176 nos
629 2133 785 2176 futuros
837 2147 926 2176 esse
977 2131 1231 2188 confidimus,
1267 2133 1371 2192 quod
1413 2136 1461 2190 pii
1508 2134 1665 2190 injustis
1715 2132 1831 2176 ohsi-

363 2211 537 2256 stamus,
573 2209 635 2254 et,
670 2200 719 2243 ab
755 2199 899 2258 opibus
934 2201 1038 2258 quod
1079 2200 1215 2253 abest,
1259 2201 1293 2243 id
1331 2201 1726 2244 Lacedaemoniorum
1752 2215 1831 2243 no—

362 2267 423 2311 bis
473 2270 706 2311 societatem
753 2267 1053 2326 suppleturam,
1105 2269 1197 2325 qui,
1241 2270 1272 2309 si
1315 2270 1444 2311 minus
1482 2269 1585 2310 alius
1621 2267 1830 2323 cujusdam

365 2337 440 2387 rei,
495 2344 535 2377 at
590 2337 835 2391 cognationis
880 2349 1001 2378 causa
1054 2344 1093 2377 et
1146 2334 1299 2393 pudore
1352 2337 1536 2378 commoti
1573 2349 1688 2393 opem
1728 2335 1831 2377 serre

364 2404 587 2445 necessario
648 2412 850 2460 cogantur.
921 2404 1060 2461 Neque
1122 2403 1172 2444 ita
1235 2411 1386 2445 temere
1445 2404 1604 2445 omnino
1663 2401 1831 2444 fidentes

368 2484 521 2512 sumus.

362 2599 437 2644 CV.
508 2604 597 2646 Ath.
669 2605 720 2647 At
757 2607 950 2663 primum,
994 2604 1098 2663 quod
1148 2604 1197 2646 ad
1237 2603 1333 2647 deos
1368 2607 1530 2657 attinet,
1586 2603 1832 2661 benignitate

361 2682 499 2712 eorum
558 2686 629 2714 nec
684 2687 753 2716 nos
804 2672 967 2730 quidem
1024 2680 1211 2728 putamus
1263 2675 1436 2730 impares
1490 2673 1655 2715 futuros.
1728 2669 1830 2714 Nihil
