2014 3101
871 55 896 98 7

159 152 328 206 Tegeam
385 148 522 205 positis
572 147 881 198 imminuisseut,
930 144 1082 186 animos
1138 141 1370 184 inclinarent
1420 138 1470 182 ad
1508 141 1617 198 pacis

158 215 404 259 conditiones
433 231 454 258 a
486 213 800 256 Lacedaemoniis
831 213 1063 270 propositas.
1095 211 1278 267 Namque
1309 211 1345 250 in
1383 209 1427 250 iis
1446 222 1618 265 quoque,

159 293 202 326 ut
232 282 404 334 solebat,
459 282 621 324 fuerunt
664 282 730 338 qui
765 278 1074 322 Lacedaemoniis
1111 277 1291 318 faverent
1324 276 1617 331 imperiumque

159 350 349 408 populare
401 350 539 392 tollere
585 347 805 390 studerent.
854 348 955 389 Pace
1007 347 1126 400 igitur
1173 345 1265 385 inita
1299 344 1435 398 Argivi
1470 340 1615 384 finibus

160 417 253 460 nihil
284 420 414 459 auctis
447 419 483 459 in
522 417 732 473 pristinum
763 422 914 456 statum
947 412 1074 454 redire
1105 413 1228 453 coacti
1267 419 1359 452 sunt
1386 409 1428 464 ¹).

292 485 432 542 Neque
470 485 520 525 ita
572 482 696 525 multo
736 490 822 538 post
861 480 911 522 illi
942 480 1154 536 Spartiatis
1185 479 1319 532 amici,
1355 486 1399 518 ut
1428 477 1616 518 societate

157 552 460 595 Atheniensium
512 559 552 592 et
605 550 789 592 Eleorum
843 558 880 589 et
936 546 1240 589 Mantinensium
1282 547 1425 586 omissa
1471 543 1616 585 sociale

158 619 298 661 foedus
342 621 577 675 jungeretur
631 630 721 658 cum
772 614 1082 658 Lacedaemoniis
1128 611 1375 668 perfecerunt
1405 609 1457 665 2).
1528 611 1617 662 Quo

159 686 262 729 facto
298 687 441 727 civitas
472 683 672 742 popularis
708 685 824 739 Argis
849 683 1045 723 evertitur
1063 690 1099 721 et
1123 693 1338 736 paucorum
1359 679 1617 720 constituitur

157 753 372 795 dominatio
415 751 642 810 reipublicae
689 750 1080 792 Lacedaemoniorum
1136 745 1340 788 commoda
1370 743 1414 801 3).
1487 746 1619 801 Atque

159 820 246 862 haec
277 822 407 862 omnia
445 828 555 875 gesta
594 827 687 859 sunt
717 826 860 874 quarto
891 815 1044 856 decimo
1080 829 1182 856 anno
1218 812 1307 854 belli
1333 812 1617 869 Peloponnesii.

158 887 244 929 Hac
280 902 376 928 vero
408 901 540 929 rerum
572 883 821 943 publicarum
853 883 1161 925 commutatione
1191 879 1335 921 bellum
1352 880 1615 921 domesticum

158 955 260 996 inter
311 956 482 1009 Argivos
535 960 715 995 coortum
763 961 834 992 est.
906 949 1124 1006 Populares
1177 949 1278 988 enim
1311 955 1503 1005 sequente
1538 948 1616 1002 jam

159 1035 261 1063 anno
321 1020 577 1077 optimatibus
629 1021 772 1076 partim
835 1016 1055 1060 interfectis
1111 1017 1253 1071 partim
1303 1013 1481 1071 expulsis
1525 1027 1615 1054 cum

158 1087 466 1131 Atheniensibus
506 1085 646 1129 foedus
690 1086 893 1127 societatis
934 1086 1177 1138 integrarunt
1211 1091 1271 1133 et,
1308 1096 1355 1121 ne
1392 1088 1617 1122 commeatu

158 1170 230 1212 per
291 1154 611 1197 Lacedaemonios
665 1152 997 1200 excluderentur,
1051 1149 1186 1205 longos
1235 1163 1368 1190 muros
1422 1146 1469 1189 ad
1510 1160 1619 1188 mare

156 1222 305 1265 ducere
356 1230 573 1277 coeperunt
606 1220 653 1276 4).
757 1219 913 1270 Quibus
969 1226 1110 1259 aestate
1170 1215 1284 1257 fectis
1327 1214 1615 1256 Lacedaemonii

157 1298 352 1347 sequente
385 1290 512 1331 hieme
545 1290 668 1329 muris
705 1285 778 1328 illis
814 1285 954 1327 dirutis
991 1294 1110 1342 atque
1148 1284 1264 1324 etiam
1295 1283 1448 1339 Hysiis,
1476 1281 1618 1337 oppido

159 1356 377 1413 Argolidis‚
398 1357 570 1414 Cynurio
600 1369 693 1410 agro
724 1352 887 1407 confini,
916 1354 1070 1394 eversis
1106 1352 1361 1408 quieverunt.
1398 1351 1449 1391 At
1483 1347 1618 1404 Argivi

157 1423 278 1482 paulo
308 1433 396 1481 post
432 1437 573 1477 agrum
605 1420 890 1472 Phliasiorum,
922 1418 1025 1477 quod
1064 1417 1224 1459 exsules
1244 1431 1337 1459 suos
1359 1417 1617 1472 recepissent,

160 1491 336 1548 populati
388 1498 482 1532 sunt
531 1498 651 1547 atque
706 1502 773 1540 ea,
819 1502 909 1546 quae
958 1493 1020 1529 est
1056 1494 1216 1536 secuta,
1248 1492 1408 1535 aestate,
1439 1484 1505 1540 qui
1547 1482 1618 1523 suit

158 1573 287 1600 annus
323 1569 465 1600 sextus
497 1558 698 1609 decimus,
727 1569 850 1612 quum
888 1552 1118 1597 Alcibiades
1138 1552 1264 1594 classe
1286 1550 1480 1592 advectus
1499 1558 1618 1602 esset,

158 1627 327 1667 trecenti
381 1627 476 1677 viri,
529 1626 597 1681 qui
634 1637 724 1665 cum
764 1622 1074 1664 Lacedaemoniis
1111 1619 1241 1660 facere
1277 1620 1453 1674 suspecti
1485 1625 1617 1669 erant,

159 1692 210 1735 ab
240 1691 554 1735 Atheniensibus
592 1694 627 1732 in
668 1689 806 1731 insulis
845 1690 982 1731 vicinis
1017 1686 1187 1744 depositi
1225 1694 1318 1726 sunt
1340 1684 1384 1740 5).

295 1762 434 1817 Itaque
472 1758 728 1801 comminutis
764 1756 899 1812 Argivi
929 1754 1072 1812 opibus
1108 1762 1147 1795 et
1184 1752 1324 1794 infelici
1363 1762 1508 1794 eventu
1528 1751 1619 1794 belli

159 1827 418 1869 Mantinensis
455 1836 493 1868 et
531 1825 759 1866 domesticis
795 1822 1056 1865 seditionibus
1091 1835 1165 1862 non
1205 1833 1344 1875 magno
1377 1820 1619 1861 incremento

159 1903 357 1936 auxerunt
403 1909 466 1935 res
519 1892 832 1934 Atheniensium.
901 1890 1004 1941 Quin
1049 1891 1169 1931 etiam
1210 1886 1454 1929 incommodo
1490 1887 1620 1944 potius

160 1976 279 2019 quam
327 1961 593 2002 emolumento
640 1961 686 2000 iis
716 1968 850 2011 erant,
887 1956 990 2015 quod
1030 1957 1102 2014 ipsi
1139 1954 1226 2012 plus
1262 1953 1396 1996 auxilii
1437 1955 1622 2011 require-

159 2028 277 2080 bant,
332 2043 453 2086 quam
506 2026 665 2068 dabant.
736 2027 785 2067 Et
823 2025 998 2082 profecto
1035 2023 1319 2074 Athenienses,
1349 2036 1473 2079 quum
1506 2021 1622 2063 Alci-—

160 2095 299 2139 biades
357 2096 506 2137 viribus
559 2108 697 2135 eorum
746 2093 820 2135 hac
869 2093 1063 2134 societate
1109 2089 1158 2131 de
1196 2097 1302 2130 recta
1343 2091 1405 2129 via
1437 2088 1623 2129 deductis

161 2178 208 2205 ac
244 2163 434 2220 dispersis
472 2161 574 2204 nulla
607 2176 680 2218 ope
719 2159 893 2213 illorum,
928 2160 995 2216 qui
1033 2156 1341 2200 Lacedaemoniis
1379 2156 1489 2211 longe
1517 2157 1622 2196 inle—

163 2233 287 2273 riores
332 2240 485 2283 essent,
535 2229 718 2285 adjutus,
772 2242 856 2269 suis
904 2224 1171 2283 exsequendis
1202 2224 1396 2274 consiliis,
1431 2234 1471 2264 ut
1510 2230 1623 2264 erant

164 2298 263 2340 levia
309 2306 348 2340 et
395 2300 565 2351 incerta,
611 2296 763 2353 imperii
797 2295 917 2337 Attici
955 2291 1124 2347 aug-’endi
1162 2299 1202 2332 et
1239 2289 1515 2332 corroborandi
1555 2304 1623 2345 par

163 2380 236 2406 non
289 2376 416 2415 esset,
474 2368 605 2406 minus
661 2373 745 2404 tum
800 2360 918 2402 validi
972 2359 1134 2401 fuerunt
1173 2357 1233 2399 vel
1271 2358 1512 2399 adversariis
1551 2358 1622 2398 visi

150 2436 279 2486 'sunt,
313 2447 434 2490 quam
472 2446 550 2490 quo
588 2440 765 2488 tempore
802 2444 879 2486 pax
910 2427 1034 2469 Niciae
1071 2427 1172 2468 sactu
1212 2435 1283 2466 est.
1331 2426 1501 2466 Victoria
1522 2426 1623 2466 enim

260 2553 282 2595 ¹)
307 2553 349 2584 v.
374 2552 418 2585 76
445 2558 477 2584 et
502 2552 554 2585 77.
738 2550 764 2592 ²)
791 2551 834 2580 v.
860 2548 904 2581 τε
930 2553 963 2581 et
986 2548 1029 2581 79
1223 2546 1250 2588 ὃ)
1278 2548 1322 2581 v.
1348 2547 1404 2578 st.

258 2609 284 2652 4)
310 2610 354 2641 v.
380 2610 434 2641 82.
745 2606 772 2649 ⁶)
798 2607 841 2639 v.
867 2605 911 2639 83
936 2611 970 2638 et
992 2605 1047 2637 84.
