2014 3101
874 76 933 117 29

178 200 301 239 supra
336 189 564 239 docuimus,
600 204 677 230 non
715 191 844 231 solum
878 203 923 230 ea
963 190 1074 242 ipsa,
1112 203 1196 242 quae
1233 196 1418 241 agerent,
1455 190 1632 231 31111110-

177 254 383 294 niensibus
421 269 498 295 non
535 257 763 297 resisterent
802 257 905 298 0111111
942 256 1190 296 contentione
1218 257 1384 306 virium,
1422 257 1629 297 sedetiam

179 321 488 363 deminutionem
541 323 602 362 sui
651 324 752 374 juris
797 330 836 365 et
878 325 1071 363 bonorum
1115 324 1388 374 publicorum,
1433 325 1464 362 si
1502 325 1633 364 condi-

177 387 308 428 tiones
362 389 411 428 ab
463 390 645 430 hostibus
696 391 803 431 latas
857 390 1099 442 acciperent,
1145 391 1325 430 dedecori
1369 393 1509 431 ducere
1552 392 1634 431 exi-

180 453 369 495 stimandi
407 462 564 506 essent,
600 456 935 506 Atheniensibus,
973 457 1038 509 qui
1068 456 1193 508 magis
1223 463 1400 497 actorum
1420 459 1634 510 respiciant

178 526 367 571 eventus,
406 536 601 563 summum
639 525 804 564 dedecus
839 537 926 565 eam
962 538 1048 563 esse
1084 523 1410 573 deminutionem,
1450 538 1550 576 quae
1585 539 1634 563 ne

179 586 311 628 locum
354 589 512 641 quidem
557 590 681 631 ullum
723 592 882 631 illorum
921 591 1000 641 juri
1046 590 1267 641 relinquat,
1305 591 1395 630 lieet
1434 593 1632 643 colligere.

182 653 261 703 Et,
298 655 374 694 nisi
412 656 607 707 fallimur,
646 659 718 697 hoc
754 658 975 709 significant
1012 658 1133 696 verba
1168 659 1243 697 καὶ
1262 655 1465 713 αἶσχύνην
1486 658 1636 711 αἰσχίω

267 752 278 762 .
307 721 577 778 προςλαβεῖν.
647 724 701 763 Et
739 725 893 777 quidem
930 725 1052 764 verba
1088 726 1161 764 καὶ
1191 720 1266 766 οὐκ
1295 723 1482 782 ἀπρεπὲς
1510 742 1636 780 νομι-

181 793 261 830 εῖτε
288 804 325 831 κ.
354 805 388 831 τ.
419 789 457 832 λ.
493 792 604 831 1113111
640 792 896 842 ignominiam
933 804 1021 831 cum
1057 792 1130 831 hac
1166 800 1436 844 comparatam
1473 808 1543 846 pro
1581 795 1638 833 111-

183 857 264 896 hilo
316 871 383 897 eos
433 863 574 910 putare
619 859 846 899 ostendunt.
927 857 1060 903 Quum
1104 872 1194 898 vero
1243 860 1385 900 devicti
1431 862 1637 911 cujusdam

183 924 320 975 populi
358 925 548 974 exitium,
588 927 691 977 quod
729 926 846 965 decus
882 924 1078 964 libertatis
1114 925 1284 965 miseriis
1322 928 1500 967 omnibus
1537 942 1639 968 com-

184 996 333 1041 mutet,
371 992 420 1031 ab
456 990 771 1032 Atheniensibus
808 992 1035 1031 indecorum
1071 992 1206 1031 haberi
1245 993 1389 1033 indicet
1427 1000 1639 1035 contextus

187 1058 379 1098 sermonis
398 1064 531 1110 potest
558 1059 681 1098 etiam
708 1058 947 1110 periculum,
975 1058 1080 1110 quod
1107 1058 1295 1109 ejusmodi
1317 1060 1463 1100 malum
1485 1062 1641 1101 videtur

187 1123 348 1174 afferre,
385 1126 539 1165 foedum
566 1126 631 1165 vel
659 1125 962 1177 ignominiosum
1000 1126 1048 1163 31)
1086 1125 1134 1163 iis
1172 1130 1211 1164 et
1247 1127 1520 1167 existimatum
1556 1142 1641 1168 esse

186 1195 226 1230 et
264 1192 425 1232 dictum.
479 1190 614 1236 Quare
649 1205 721 1231 nos
756 1192 919 1231 verbum
957 1190 1144 1248 αἷσχρῶν
1172 1190 1384 1235 κινδύνων
1409 1195 1545 1235 eodem
1566 1195 1642 1235 fere

187 1259 305 1298 modo
350 1258 565 1311 accipimus
610 1264 729 1311 atque
770 1258 1000 1308 Arnoldus,
1046 1259 1111 1311 qui
1156 1262 1359 1311 pericula
1393 1263 1643 1304 servitutem

190 1331 228 1366 et
266 1339 314 1366 ea
350 1340 398 1366 re
425 1326 603 1368 dedecus·
640 1326 883 1380 efficientia
918 1326 1221 1377 interpretatur.

291 1391 327 1448 ξ.
369 1394 412 1433 5.
474 1392 528 1448 ἢν
554 1393 658 1447 μιᾶς
685 1393 782 1449 πέρι
810 1394 884 1434 καὶ
913 1391 956 1441 ἐς
982 1393 1089 1447 μίαν
1116 1391 1277 1450 βουλὴν
1307 1424 1318 1436 .
1349 1425 1359 1436 .
1391 1426 1401 1436 .
1430 1394 1562 1438 ἔσται.
1599 1397 1643 1435 111

189 1459 263 1499 hoc
299 1460 385 1500 loco
423 1460 659 1512 explicando
698 1460 899 1513 sequimur
941 1462 1207 1512 conjecturam
1252 1463 1450 1513 Haaekii‚
1496 1465 1561 1517 qui
1598 1459 1646 1519 ἧς

190 1527 294 1580 μιᾶς
322 1527 418 1584 πέρι
446 1530 520 1569 καὶ
548 1527 592 1577 ἐς
617 1528 725 1582 μίαν
753 1524 912 1583 βουλὴν
942 1558 952 1569 .
984 1559 994 1570 .
1026 1561 1032 1567 .
1065 1525 1182 1569 ἔσται
1213 1529 1319 1580 legit.
