2014 3101
116 515 329 601 Bellum,
367 549 471 607 quod
512 549 632 602 Melo,
670 549 830 592 coloniae
867 552 1087 609 antiquitus
1106 552 1389 599 Lacedaemone
1415 557 1578 602 deduc-

118 627 190 671 tae,
227 616 493 659 Athenienses
536 625 650 660 sexto
696 617 847 660 decimo
888 632 991 659 anno
1023 619 1343 676 Peloponnesiaci
1371 624 1471 672 ⁴belli
1512 628 1578 668 in—

118 685 316 739 tulerunt,
371 686 556 726 memoria
606 693 667 726 est
735 684 1009 741 dignissimum
1080 695 1119 728 et
1165 698 1326 745 propter
1379 690 1578 735 libertatis

115 765 292 793 amorem
330 759 451 808 atque
495 766 589 806 erga
635 753 806 807 origines
845 754 1051 808 pietatem,
1090 753 1238 811 quibus
1269 767 1476 813 permotus
1514 759 1579 802 ille

117 817 286 874 populus
322 820 478 875 exiguis
508 820 633 872 copiis
669 820 890 861 instructus
916 821 1206 876 potentissimae
1232 825 1383 868 civitati
1409 824 1578 869 Graeciae

117 883 350 936 resistebat,
397 893 438 926 et
476 894 636 943 propter
681 885 948 928 calamitatem
995 888 1280 942 miserrimam,
1313 906 1415 950 qua,
1453 908 1578 951 quum

115 953 153 993 in
191 950 382 993 dicionem
414 952 576 994 tandem
613 952 917 995 Atheniensium
956 968 999 995 se
1037 957 1306 1010 permisisset,
1346 958 1396 1001 ab
1435 961 1479 1002 iis
1510 961 1577 1002 in—

117 1020 237 1060 teriit.
270 1017 384 1070 Quod
423 1019 574 1061 sactum
620 1029 679 1061 est
711 1019 860 1077 aliquot
898 1034 1054 1063 menses
1090 1030 1182 1064 ante
1218 1025 1387 1068 notabile
1426 1026 1575 1070 bellum

115 1084 427 1143 Syracusanum.

249 1153 380 1210 Atque
426 1153 527 1196 hanc
580 1168 663 1195 rem
712 1153 968 1210 Thucydides
1006 1155 1207 1199 mentibus
1237 1160 1458 1219 animisque
1495 1162 1576 1205 ho—

114 1221 262 1262 minum
293 1229 333 1261 et
372 1222 523 1278 antiqui
567 1230 606 1263 et
646 1223 877 1263 recentioris
924 1223 1112 1278 temporis
1150 1227 1445 1270 commendavit
1480 1244 1577 1273 ora-

112 1288 218 1329 tione
250 1287 340 1329 huic
371 1290 583 1330 narrationi
616 1290 775 1331 inserta.
845 1289 977 1340 Quum
1015 1291 1117 1331 enim
1151 1291 1431 1350 Athenienses,
1467 1311 1576 1354 quo-

114 1369 204 1396 rum
234 1354 350 1396 classi
382 1355 631 1412 praefuerunt
661 1354 893 1398 Cleomedes
929 1364 967 1397 et
999 1358 1145 1413 Tisias,
1181 1357 1231 1400 ad
1261 1359 1407 1404 Melum
1438 1377 1574 1422 appu—

111 1419 273 1474 lissent,
310 1430 523 1479 antequam
559 1436 644 1464 eam
681 1421 950 1474 adorirentur,
991 1425 1100 1465 missi
1132 1434 1246 1481 sunt,
1281 1429 1348 1485 qui
1392 1428 1441 1470 de
1475 1431 1574 1474 urbe

111 1487 304 1530 tradenda
343 1496 382 1531 et
409 1502 503 1546 pace
539 1489 830 1533 conditionibus
862 1492 1104 1548 interpositis
1140 1506 1231 1535 cum
1255 1494 1380 1538 Meliis
1397 1509 1573 1554 agerent.

110 1556 193 1597 Hos
231 1558 352 1611 igitur
389 1554 540 1610 legatos
570 1556 829 1614 Thucydides
871 1571 963 1599 cum
999 1560 1301 1615 magistratibus
1331 1562 1574 1620 quibusdam

110 1621 235 1665 Meliis
264 1647 332 1654 —
361 1637 451 1664 nam
500 1624 547 1664 ad
602 1638 669 1665 eos
722 1632 898 1678 tantum,
939 1639 1013 1667 non
1058 1624 1108 1667 ad
1150 1630 1376 1671 concionem
1408 1630 1570 1675 admissi

110 1698 204 1732 sunt
242 1714 303 1721 --
334 1689 608 1748 colloquentes
653 1690 824 1742 inducit,
876 1706 954 1749 quo
991 1691 1182 1750 colloquio
1212 1694 1262 1736 de
1293 1710 1334 1738 re
1364 1701 1565 1755 proposita

109 1770 200 1814 quae
242 1758 414 1799 sentiant
456 1771 626 1815 quaeque
667 1758 870 1816 postulent
914 1761 1167 1815 pronuntient
1201 1764 1372 1821 utrique.
1438 1765 1571 1816 Quum

108 1823 221 1865 alteri
270 1824 389 1866 medii
437 1833 480 1865 ut
526 1833 643 1867 antea
695 1825 873 1868 volentes
920 1841 1008 1868 esse
1061 1841 1201 1883 pacem
1250 1839 1410 1887 petant,
1458 1832 1571 1875 alteri

108 1890 383 1948 magnitudine
455 1905 619 1933 suarum
701 1907 832 1934 rerum
906 1892 1149 1936 confidentes
1215 1910 1282 1939 eos
1342 1899 1571 1956 impellunt,

109 1967 154 2000 ut
183 1957 260 2000 sibi
289 1973 334 2000 se
364 1957 575 2015 subjiciant
606 1959 744 2001 eadem
776 1959 881 2016 lege,
928 1975 1005 2018 qua
1039 1960 1216 2021 plerique
1245 1964 1381 2023 populi
1415 1968 1573 2010 nomine

107 2026 302 2067 sociorum
351 2026 515 2082 imperio
561 2040 699 2068 eorum
738 2026 988 2070 tenebantur.
1060 2027 1157 2072 Haec
1187 2040 1323 2073 autem
1356 2033 1574 2090 postulatio

106 2106 154 2134 eo
190 2094 318 2149 magis
349 2101 434 2134 erat
466 2092 738 2148 inexorabilis,
768 2094 873 2152 quod
905 2094 1011 2138 Melii
1047 2105 1161 2139 erant
1192 2098 1387 2152 insulani,
1414 2103 1482 2159 qui
1502 2111 1572 2144 aut

105 2158 305 2202 tributum
359 2158 580 2216 penderent
623 2160 792 2217 subjecti
848 2163 943 2204 socii
979 2171 1049 2205 aut
1087 2178 1162 2206 non
1198 2167 1459 2223 exsisterent,
1494 2183 1572 2227 quo

106 2225 212 2268 facto
265 2227 357 2269 nihil
414 2226 464 2270 ab
520 2226 593 2269 illis
623 2227 699 2270 sibi
729 2237 837 2271 esset
867 2229 1052 2287 periculi,
1081 2245 1152 2273 sua
1186 2231 1343 2290 plurimi
1376 2236 1571 2278 interesse

105 2293 371 2336 Athenienses
411 2295 448 2336 in
492 2296 668 2336 animum
718 2295 955 2338 induxerant
985 2297 1026 2353 1).
1097 2298 1183 2349 Qua
1221 2302 1341 2356 igitur
1371 2300 1420 2344 de
1450 2317 1570 2345 causa

101 2360 183 2417 jam
215 2370 331 2403 antea
369 2370 482 2404 sexto
512 2376 613 2403 anno
641 2361 963 2421 Peloponnesiaci
996 2364 1088 2407 belli
1120 2365 1168 2409 ad
1206 2367 1354 2411 Melum
1374 2369 1572 2426 subigen—

106 2425 198 2470 dam
229 2428 395 2486 profecti
434 2438 548 2471 erant
573 2427 629 2484 2),
661 2429 798 2473 eadem
831 2431 903 2473 hoc
939 2430 1108 2474 alterum
1139 2445 1405 2492 susceperunt
1421 2436 1568 2480 bellum

106 2507 198 2537 cum
231 2496 377 2553 majore
409 2498 529 2538 etiam
566 2511 730 2540 numero
761 2498 929 2540 militum
960 2500 1094 2555 gravis
1118 2510 1356 2557 armaturae,
1377 2519 1500 2562 quum
1518 2520 1569 2547 ex

107 2571 256 2604 eventu
286 2565 429 2621 prioris
459 2562 548 2606 belli
583 2563 669 2607 illos
698 2564 775 2608 sub
806 2574 1044 2624 potestatem
1081 2582 1194 2611 suam
1228 2571 1350 2613 invito
1376 2585 1419 2614 se
1438 2574 1569 2615 animo

206 2683 230 2725 1)
256 2683 322 2716 Cfr.
350 2683 454 2718 Thuc.
481 2685 526 2717 V.
553 2684 607 2718 99.
874 2685 901 2728 ²)
925 2687 988 2720 111.
1013 2687 1066 2721 91.
