2014 3101
942 42 998 87 43

241 155 442 210 videatur,
480 155 767 213 respondentes
803 160 1041 199 sententiam
1079 156 1212 200 dicite.
1278 159 1334 200 Ac
1372 158 1564 214 primum,
1601 173 1694 201 num

236 221 390 280 placeat
427 222 501 264 hoc
538 237 557 264 a
597 222 708 266 nobis
746 225 1008 280 propositum,
1046 225 1176 267 dicite.

236 351 449 393 LXXXVI.
519 350 722 393 Meliorum
760 361 893 395 autem
934 364 1138 397 senatores
1155 354 1696 415 responderunterquitas'

234 431 333 475 qua,
385 426 428 460 ut
481 419 518 459 in
569 421 648 460 otio
699 434 769 461 nos
823 430 960 463 mutuo
1012 422 1247 476 doceamus,
1300 423 1500 477 suadetis,
1536 439 1611 465 non
1648 438 1691 466 ea

234 484 397 542 quidem
447 486 645 542 carpitur,
697 486 767 528 sed
823 499 1040 544 apparatus
1094 489 1177 531 illos
1223 490 1299 546 jam
1338 499 1580 547 praesentes,
1618 505 1693 533 non

234 551 409 606 futuros,
444 553 510 609 qui
553 551 696 595 bellum
736 563 956 608 ostentant,
994 555 1044 598 ab
1081 571 1125 598 ea
1165 571 1204 597 re
1242 556 1457 599 abliorrere
1496 557 1693 600 manifes—

232 625 317 659 tum
354 628 426 661 est.
497 620 599 661 Nam
636 629 672 661 et
713 622 820 677 ipsos
855 636 1012 677 eorum,
1049 638 1138 682 quae
1159 622 1494 680 disputabuntur,
1520 624 1693 667 arbitros

232 699 305 727 vos
342 684 525 729 videmus
561 686 770 730 advenisse
808 697 848 730 et
885 691 1054 745 exitum,
1091 699 1134 732 ut
1170 699 1479 733 consentaneum
1503 692 1693 748 est,ejus

231 753 286 794 rei
339 753 475 806 nobis,
512 756 544 797 si
582 757 809 811 superiores
845 769 866 797 e
899 756 1046 813 judicio
1092 758 1398 800 discesserimus
1435 773 1604 816 eamque
1642 759 1692 801 ob

230 833 393 862 causam
433 836 506 863 non
545 824 805 875 cesserimus,
856 823 1003 865 bellum
1040 825 1274 879 allaturum,
1310 827 1476 867 orationi
1512 826 1692 868 obsecu—

230 887 282 928 tis
320 890 571 930 servitutem.

227 996 460 1039 LXXXVII.
532 997 809 1040 Athenienses.
881 998 1071 1049 Proinde,
1110 1002 1142 1042 si
1180 1003 1426 1057 suspiciones
1462 1010 1506 1044 ut
1544 1003 1692 1045 volva-

228 1065 279 1105 tis
320 1079 453 1106 rerum
492 1065 718 1107 futurarum
759 1066 818 1107 vel
859 1067 972 1108 aliam
1012 1066 1062 1109 ob
1099 1081 1261 1110 causam
1291 1070 1688 1128 convenistis,quam

228 1139 271 1173 ut
323 1145 374 1173 ex
428 1132 695 1189 praesentibus
747 1141 921 1190 anteque
972 1134 1106 1176 oculos
1159 1136 1294 1190 positis
1341 1144 1520 1191 spectata
1559 1138 1691 1179 salute

224 1197 440 1240 consulatis
477 1201 516 1241 in
560 1213 790 1254 commune,
834 1199 1072 1258 colloquium
1123 1203 1349 1254 mittamus;
1387 1204 1445 1244 sin
1484 1218 1580 1245 vero
1617 1205 1691 1247 hoc

224 1265 387 1308 consilio
423 1265 552 1320 ducti,
590 1265 809 1325 loquamur.

224 1375 477 1418 LXXXVIII.
548 1375 663 1418 Melii.
735 1377 813 1418 Par
865 1385 927 1419 est
973 1379 1171 1435 veniaque
1214 1376 1397 1433 dignum,
1440 1380 1507 1437 qui
1543 1381 1579 1421 in
1620 1380 1686 1422 tali

223 1442 380 1485 fortuna
437 1452 668 1494 versentur,
719 1457 787 1485 eos
834 1443 982 1486 multas
1018 1453 1057 1485 et
1096 1444 1280 1502 loquendi
1319 1453 1359 1486 et
1396 1446 1579 1504 opinandi
1619 1448 1688 1488 in-

221 1509 333 1567 gredi
387 1511 483 1552 vias.
555 1510 823 1554 Nihilominus
873 1520 912 1554 et
972 1511 1021 1553 de
1057 1512 1186 1554 salute
1223 1512 1284 1554 hic
1322 1511 1453 1556 factus
1489 1522 1549 1556 est
1586 1529 1687 1556 con—

225 1586 369 1620 ventus
422 1586 462 1619 et
512 1592 662 1630 sermo,
717 1579 914 1636 quomodo
958 1579 1189 1636 postulatis,
1226 1581 1303 1635 sie,
1340 1582 1371 1622 si
1412 1580 1528 1634 libet,
1564 1582 1686 1624 insti-

220 1652 369 1687 tuatur.

219 1764 437 1806 LXXXIX.
509 1763 600 1806 Ath.
672 1766 811 1823 Neque
861 1766 980 1821 igitur
1025 1767 1098 1821 ipsi
1134 1768 1326 1823 speciosis
1363 1769 1604 1826 nominibus,
1642 1781 1684 1814 ut

219 1831 401 1874 dicamus
451 1840 521 1873 aut
576 1832 665 1888 jure
720 1847 791 1874 nos
841 1831 1010 1874 barbaro
1065 1832 1263 1875 debellato
1300 1837 1510 1892 imperium
1549 1847 1684 1882 tenere

217 1908 287 1941 aut
340 1898 476 1954 injuria
528 1897 691 1941 affectos
740 1914 845 1942 nunc
889 1898 1036 1941 bellum
1074 1900 1239 1953 inferre,
1277 1902 1489 1945 verborum
1528 1908 1682 1964 copiam

219 1965 311 2007 nihil
369 1964 581 2008 habentem
633 1965 725 2008 fidei
763 1966 990 2008 afferemus.
1062 1968 1202 2024 Neque
1256 1982 1277 2009 a
1323 1969 1435 2012 vobis
1490 1973 1684 2029 petimus,

218 2041 282 2087 ut,
318 2034 351 2075 si
401 2046 529 2090 neque
566 2033 982 2088 Lacedaemoniorum,
1035 2048 1203 2092 quorum
1251 2038 1393 2078 essetis
1430 2038 1572 2093 coloni,
1611 2057 1682 2084 vos

216 2101 342 2142 socios
402 2099 523 2142 fuisse
582 2098 673 2142 belli
736 2114 864 2158 neque
915 2100 1026 2143 nobis
1085 2101 1205 2142 ullam
1267 2103 1450 2158 injuriam
1502 2107 1682 2151 intulisse

217 2167 484 2220 denuntietis,
553 2165 590 2208 id
658 2169 871 2225 opinemini
936 2183 1172 2224 persuasum
1247 2169 1357 2212 nobis
1409 2174 1465 2213 iri.
1536 2172 1681 2218 Contra

216 2248 450 2283 censemus,
504 2243 548 2276 ut
602 2249 693 2292 quae
742 2250 792 2276 ex
845 2249 938 2276 vera
994 2244 1128 2277 nostra
1184 2245 1444 2296 utrorumque
1481 2244 1677 2284 sententia

215 2303 439 2344 animorum
492 2310 661 2359 possunt
694 2301 796 2355 sieri,
831 2303 1145 2360 persequamini,
1181 2317 1305 2361 quum
1342 2307 1469 2362 agatis
1505 2310 1681 2353 scientes

216 2382 308 2410 cum
353 2384 426 2410 non
476 2368 768 2424 ignorantibus,
811 2383 901 2427 quae
943 2370 1050 2424 justa
1087 2370 1184 2424 sint,
1220 2384 1262 2412 ea
1305 2373 1342 2413 in
1379 2387 1562 2417 sermone
1598 2375 1680 2419 ho—

215 2436 386 2491 minum,
439 2437 471 2478 si
529 2438 610 2494 pari
667 2445 829 2479 utantur
884 2438 1026 2478 virium
1078 2440 1336 2492 coercitione,
1367 2439 1513 2495 judicio
1549 2441 1678 2486 facere

215 2511 484 2557 momentum,
522 2518 613 2562 quae
649 2512 784 2546 autem
822 2506 973 2562 possint
1008 2502 1114 2558 fieri,
1150 2519 1193 2547 ea
1233 2505 1425 2563 perficere
1449 2506 1678 2566 superiores

214 2577 254 2612 et
291 2569 507 2614 imbecillos
543 2569 773 2613 concedere.
